study,sref,treatment,mid,hid,ts,tid,uid,investment,ttype,netsales,longs,shorts,numshares,mprice,price
1,(36),m2,63,1,2016nov08 03:00:52.267,52399,756,30,-1,-53.046215,0,-53.046215,-53.046215,-.56554461,.3704091
1,(36),m2,63,1,2016nov08 03:01:13.936,52402,729,20,-1,-83.179657,0,-83.179657,-30.133444,-.66371441,.30326533
1,(36),m2,63,1,2016nov08 03:01:22.204,52404,813,16,-1,-105.41673,0,-105.41673,-22.237076,-.71951908,.25842568
1,(36),m2,63,1,2016nov08 03:04:17.204,52424,790,10,-1,-118.67918,0,-118.67918,-13.262443,-.75400895,.23383321
1,(36),m2,63,1,2016nov08 03:06:23.330,52437,790,-5,1,-112.10202,0,-112.10174,6.5771585,.7602067,.2458221
1,(36),m2,63,1,2016nov08 03:08:02.141,52445,757,10,-1,-125.15668,0,-125.15639,-13.054663,-.76600981,.22242902
1,(36),m2,63,1,2016nov08 03:08:23.887,52449,757,10,-1,-137.84248,0,-137.84219,-12.685797,-.78828317,.20126209
1,(36),m2,63,1,2016nov08 03:08:35.650,52452,838,6,-1,-145.29921,0,-145.29892,-7.4567313,-.80464208,.1895415
1,(36),m2,63,1,2016nov08 03:08:39.830,52455,757,10,-1,-157.50037,0,-157.50008,-12.201157,-.81959444,.17150426
1,(36),m2,63,1,2016nov08 03:09:03.386,52459,790,-2,1,-155.0813,0,-155.08109,2.4190621,.82676667,.17496888
1,(36),m2,63,1,2016nov08 03:09:06.179,52460,809,20,-1,-178.85352,0,-178.8533,-23.772223,-.84131807,.14325242
1,(36),m2,63,1,2016nov08 03:12:48.385,52483,790,-3,1,-175.343,0,-175.3423,3.5105195,.85457438,.14761509
1,(36),m2,63,1,2016nov08 03:14:35.089,52493,737,5,1,-145.53055,29.81246,-175.3423,29.81246,.16771512,.18918639
1,(36),m2,63,1,2016nov08 03:16:07.114,52499,741,5,1,-121.54948,53.793518,-175.3423,23.98106,.20849787,.22873025
1,(36),m2,63,1,2016nov08 03:17:22.820,52511,729,2,-1,-124.135,53.793518,-177.92783,-2.5855198,-.77353883,.22420108
1,(36),m2,63,1,2016nov08 03:26:01.630,52544,790,-.30000001,1,-123.74814,53.793518,-177.54082,.3868627,.77546895,.22487469
1,(36),m2,63,1,2016nov08 03:35:26.396,52557,790,-.090000004,1,-123.63201,53.793518,-177.42482,.11612829,.77500498,.22507717
1,(36),m2,63,1,2016nov08 04:01:43.572,52575,728,10,-1,-136.35851,53.793518,-190.15132,-12.726501,-.78576195,.20365827
1,(36),m2,63,1,2016nov08 04:24:54.624,52590,851,1,-1,-137.61264,53.793518,-191.40546,-1.2541388,-.79735988,.20163183
1,(36),m2,63,1,2016nov08 04:25:27.883,52591,851,5,-1,-143.83684,53.793518,-197.62967,-6.2242017,-.80331588,.19179815
1,(36),m2,63,1,2016nov08 04:33:00.112,52597,734,5,1,-120.14655,77.48381,-197.62967,23.69029,.21105693,.23121461
1,(36),m2,63,1,2016nov08 04:33:18.208,52598,734,-5,-1,-143.83684,53.793518,-197.62967,-23.690289,-.21105695,.19179815
1,(36),m2,63,1,2016nov08 04:47:17.519,52604,851,3.000001,1,-122.42253,67.729523,-190.15132,21.414309,.42027974,.22719373
1,(36),m2,63,1,2016nov08 04:47:46.722,52606,851,11.99999,-1,-151.20941,53.793518,-205.00232,-28.786882,-.52107066,.18062864
1,(36),m2,63,1,2016nov08 04:58:36.478,52609,755,10,-1,-163.28555,53.793518,-217.07846,-12.076139,-.82807922,.16343956
1,(36),m2,63,1,2016nov08 05:02:50.305,52615,790,-.20999999,1,-163.03447,53.793518,-216.82646,.25107893,.83639032,.16378313
1,(36),m2,63,1,2016nov08 05:02:50.414,52616,755,10,-1,-174.8812,53.793518,-228.67319,-11.846722,-.84411538,.14819711
1,(36),m2,63,1,2016nov08 05:05:25.198,52623,748,10,-1,-186.52328,53.793518,-240.31528,-11.642088,-.85895246,.13409428
1,(36),m2,63,1,2016nov08 05:49:48.648,52646,741,3,1,-166.05687,74.259933,-240.31528,20.466413,.14658162,.15968567
1,(36),m2,63,1,2016nov08 08:05:24.147,52667,731,20,-1,-189.44354,74.259933,-263.70197,-23.386677,-.85518777,.13073957
1,(36),m2,63,1,2016nov08 10:19:16.696,52696,849,15,1,-108.89257,154.8109,-263.70197,80.550972,.18621749,.25182062
1,(36),m2,63,1,2016nov08 10:41:53.974,52705,790,6,-1,-116.83369,154.8109,-271.64307,-7.9411163,-.75556129,.23715574
1,(36),m2,63,1,2016nov08 10:42:41.179,52707,790,2.29,-1,-119.82506,154.8109,-274.63443,-2.9913683,-.76553595,.23178658
1,(36),m2,63,1,2016nov08 10:45:47.007,52709,790,1,-1,-121.12482,154.8109,-275.9342,-1.2997634,-.76937079,.22948025
1,(36),m2,63,1,2016nov08 11:08:55.531,52714,790,1.99,-1,-123.69993,154.8109,-278.50931,-2.5751023,-.77278483,.22495873
1,(36),m2,63,1,2016nov08 11:09:23.065,52716,790,.5,-1,-124.34459,154.8109,-279.15396,-.6446591,-.77560371,.22383675
1,(36),m2,63,1,2016nov08 11:16:09.258,52731,790,-1.78,1,-122.04531,154.8109,-276.85495,2.2992756,.77415687,.22785671
1,(36),m2,63,1,2016nov08 11:22:54.359,52733,790,-5,1,-115.52076,154.8109,-270.32996,6.5245509,.76633626,.23953918
1,(36),m2,63,1,2016nov08 11:43:43.701,52737,774,30,-1,-153.36862,154.8109,-308.17783,-37.847866,-.79264706,.17745499
1,(36),m2,63,1,2016nov08 11:49:06.449,52739,790,-3,1,-149.70943,154.8109,-304.51883,3.6591964,.81985217,.1828593
1,(36),m2,63,1,2016nov08 11:49:37.571,52742,790,-2.4200001,1,-146.73976,154.8109,-301.5498,2.9696596,.81490827,.18733849
1,(36),m2,63,1,2016nov08 14:03:36.079,52757,802,2,1,-136.49915,165.05153,-301.5498,10.240623,.19530062,.20343027
1,(36),m2,63,1,2016nov08 14:38:21.425,52762,797,3,1,-122.5486,179.00208,-301.5498,13.950544,.21504538,.22697245
1,(36),m2,63,1,2016nov08 14:38:57.711,52766,797,3,1,-109.95786,191.59282,-301.5498,12.590743,.23827028,.24981888
1,(36),m2,63,1,2016nov08 14:39:53.512,52770,797,6,1,-87.841652,213.70901,-301.5498,22.116205,.2712943,.29350603
1,(36),m2,63,1,2016nov08 14:40:21.685,52773,797,3,1,-77.969292,223.58138,-301.5498,9.8723593,.30387872,.31438607
1,(36),m2,63,1,2016nov08 14:40:49.547,52776,797,3,1,-68.723236,232.82744,-301.5498,9.2460566,.32446265,.33464903
1,(36),m2,63,1,2016nov08 14:41:55.161,52780,797,5,1,-54.468426,247.08224,-301.5498,14.25481,.35075879,.3670986
1,(36),m2,63,1,2016nov08 17:27:04.297,52799,806,30,-1,-98.47348,247.08224,-345.55487,-44.005051,-.68173993,.27195331
1,(36),m2,63,1,2016nov08 18:39:21.456,52811,784,20,-1,-125.02519,247.08224,-372.10657,-26.551708,-.7532472,.22265653
1,(36),m2,63,1,2016nov08 19:11:47.915,52820,783,10,-1,-137.71446,247.08224,-384.79584,-12.689277,-.78806698,.20146799
1,(36),m2,63,1,2016nov08 19:15:36.548,52824,783,20,-1,-162.18634,247.08224,-409.26773,-24.471886,-.81726438,.16494805
1,(36),m2,63,1,2016nov08 19:28:37.126,52838,778,10,1,-112.86314,296.40543,-409.26773,49.323196,.20274436,.24441375
1,(36),m2,63,1,2016nov08 19:52:55.460,52851,790,5,-1,-119.42844,296.40543,-415.83304,-6.5652976,-.76158011,.23249355
1,(36),m2,63,1,2016nov08 19:54:37.656,52852,790,-4,1,-114.18449,296.40543,-410.58875,5.2439475,.76278412,.24198177
1,(36),m2,63,1,2016nov08 20:30:06.994,52858,817,5,-1,-120.7294,296.40543,-417.13364,-6.54491,-.76395243,.2301802
1,(36),m2,63,1,2016nov08 20:53:45.112,52882,766,5,-1,-127.17713,296.40543,-423.58139,-6.4477339,-.77546626,.21895419
1,(36),m2,63,1,2016nov08 21:00:39.588,52886,787,10,-1,-139.80991,296.40543,-436.21414,-12.632772,-.79159188,.19811794
1,(36),m2,63,1,2016nov08 21:01:57.682,52887,790,-1.0599999,1,-138.48628,296.40543,-434.89316,1.3236297,.80082816,.20022915
1,(36),m2,63,1,2016nov08 21:18:41.027,52916,790,2.1600001,-1,-141.17982,296.40543,-437.5867,-2.6935449,-.80191725,.19595058
1,(36),m2,63,1,2016nov08 21:22:09.006,52918,790,1.5,-1,-143.04199,296.40543,-439.44888,-1.8621713,-.8055113,.19303326
1,(36),m2,63,1,2016nov08 21:40:07.980,52920,832,5,-1,-149.20187,296.40543,-445.60876,-6.1598806,-.81170404,.18361892
1,(36),m2,63,1,2016nov08 22:56:01.090,52931,761,4,-1,-154.07993,296.40543,-450.48679,-4.8780465,-.82000041,.17641911
1,(36),m2,63,1,2016nov09 00:04:18.742,52972,814,5,-1,-160.11922,296.40543,-456.52609,-6.0392947,-.82791126,.16781506
1,(36),m2,63,1,2016nov09 00:34:04.520,52976,790,.5,-1,-160.71974,296.40543,-457.12662,-.60052055,-.83261096,.16697808
1,(36),m2,63,1,2016nov09 00:52:49.590,52978,743,2,1,-149.29924,307.82596,-457.12662,11.420508,.17512356,.18347301
1,(36),m2,63,1,2016nov09 01:06:39.649,52995,790,-3.6900001,1,-144.76103,307.82596,-452.58838,4.5382147,.81309509,.19036961
1,(36),m2,63,1,2016nov09 02:58:24.622,53017,755,10,-1,-156.97394,307.82596,-464.8013,-12.212912,-.81880558,.17225355
1,(36),m2,63,1,2016nov09 05:00:13.207,53025,790,-.50999999,1,-156.35748,307.82596,-464.18329,.61646223,.82730126,.17313428
1,(36),m2,63,1,2016nov09 08:19:48.843,53065,812,10,-1,-168.33046,307.82596,-476.15628,-11.972978,-.83521414,.15665838
1,(36),m2,63,1,2016nov09 08:19:57.220,53066,812,10,-1,-180.08275,307.82596,-487.90854,-11.752284,-.85089844,.14175037
1,(36),m2,63,1,2016nov09 13:34:13.281,53076,797,4,1,-154.78099,333.12772,-487.90854,25.301758,.15809178,.17540281
1,(36),m2,63,1,2016nov09 18:20:24.794,53088,782,10,1,-107.80585,380.10284,-487.90854,46.97514,.21287856,.25387362
1,(36),m2,63,1,2016nov09 19:34:21.745,53094,776,10,-1,-120.99249,380.10284,-501.09518,-13.186644,-.7583431,.22971433
1,(36),m2,63,1,2016nov09 22:19:05.297,53096,784,5,-1,-127.43645,380.10284,-507.53915,-6.4439602,-.77592039,.21851102
1,(36),m2,63,1,2016nov09 23:30:58.572,53099,845,5,-1,-133.79091,380.10284,-513.89362,-6.3544574,-.78684926,.20785412
1,(36),m2,63,1,2016nov09 23:37:08.027,53100,791,25,-1,-164.43285,380.10284,-544.53552,-30.641937,-.81587529,.16187695
1,(36),m2,63,1,2016nov10 00:20:29.030,53104,749,5,-1,-170.37041,380.10284,-550.47308,-5.9375582,-.84209698,.1539821
1,(36),m2,63,1,2016nov10 02:50:24.895,53122,743,5,1,-141.62961,408.84363,-550.47308,28.740791,.17396876,.1952429
1,(36),m2,63,1,2016nov10 11:50:36.566,53136,776,5,-1,-147.80589,408.84363,-556.64941,-6.1762867,-.8095479,.18572079
1,(36),m2,63,1,2016nov10 18:49:39.908,53149,736,5,1,-123.42774,433.22177,-556.64941,24.378149,.20510171,.22543366
1,(36),m2,63,1,2016nov10 21:18:56.523,53172,758,20,-1,-148.56903,433.22177,-581.79065,-25.141287,-.79550421,.18456946
1,(36),m2,63,1,2016nov10 21:59:10.748,53197,819,10,1,-103.4731,478.31772,-581.79065,45.095936,.22174947,.26216793
1,(36),m2,63,1,2016nov10 22:03:30.863,53205,819,10,1,-69.743156,512.04767,-581.79065,33.729942,.29647249,.33238193
1,(36),m2,63,1,2016nov10 22:04:47.958,53208,832,10,-1,-84.372131,512.04767,-596.41968,-14.628978,-.68357474,.3007516
1,(36),m2,63,1,2016nov10 22:06:09.873,53214,819,80,1,78.059082,674.47888,-596.41968,162.43121,.49251619,.68580747
1,(36),m2,63,1,2016nov10 22:06:43.850,53217,819,-97.910004,-1,-163.16772,433.2518,-596.41968,-241.22681,-.40588361,.16360073
1,(36),m2,63,1,2016nov10 22:07:36.001,53220,819,30,1,-48.793488,547.62604,-596.41968,114.37424,.26229683,.38038018
1,(36),m2,63,1,2016nov10 22:09:56.573,53224,832,8,-1,-61.405323,547.62604,-609.03149,-12.611835,-.63432485,.35113516
1,(36),m2,63,1,2016nov10 22:11:10.393,53228,727,5,1,-47.77623,561.25513,-609.03149,13.629093,.36686227,.38278067
1,(36),m2,63,1,2016nov10 22:15:07.795,53241,776,17.5,-1,-74.767593,561.25513,-636.02283,-26.991364,-.64835554,.32132789
1,(36),m2,63,1,2016nov10 22:19:39.686,53243,727,6,1,-57.167381,578.85535,-636.02283,17.600214,.34090495,.36085069
1,(36),m2,63,1,2016nov10 22:23:29.255,53251,810,4,-1,-63.356983,578.85535,-642.21246,-6.1896005,-.64624524,.34670153
1,(36),m2,63,1,2016nov10 22:26:48.666,53258,790,7.0900002,-1,-74.0149,578.85535,-652.87036,-10.657919,-.66523308,.32297155
1,(36),m2,63,1,2016nov10 22:27:23.550,53262,790,4,-1,-79.868134,578.85535,-658.72363,-5.8532343,-.68338287,.31030768
1,(36),m2,63,1,2016nov10 22:36:24.309,53281,790,4,-1,-85.61692,578.85535,-664.47241,-5.7487864,-.69579905,.29814032
1,(36),m2,63,1,2016nov10 22:42:00.239,53283,817,15.85,-1,-107.50716,578.85535,-686.36261,-21.890242,-.72406697,.25443977
1,(36),m2,63,1,2016nov10 22:59:28.185,53290,734,30,1,-21.006744,665.35577,-686.36261,86.50042,.34681913,.44767541
1,(36),m2,63,1,2016nov10 23:08:59.862,53295,790,5,-1,-29.883614,665.35577,-695.2395,-8.8768692,-.56326163,.42584202
1,(36),m2,63,1,2016nov10 23:11:42.243,53298,790,1,-1,-31.618889,665.35577,-696.97479,-1.7352756,-.57627732,.42160481
1,(36),m2,63,1,2016nov10 23:12:13.365,53300,790,.17,-1,-31.912624,665.35577,-697.26849,-.29373616,-.57875067,.42088869
1,(36),m2,63,1,2016nov10 23:12:39.885,53302,790,8,-1,-45.349869,665.35577,-710.70575,-13.437245,-.5953601,.38852924
1,(36),m2,63,1,2016nov10 23:13:45.748,53304,790,1.14,-1,-47.207531,665.35577,-712.56342,-1.8576632,-.61367422,.38412517
1,(36),m2,63,1,2016nov10 23:18:40.385,53312,724,4,-1,-53.623695,665.35577,-718.97961,-6.416163,-.62342554,.36906341
1,(36),m2,63,1,2016nov10 23:24:39.310,53333,741,-6,-1,-70.796585,648.18329,-718.97961,-17.172894,-.34938782,.33004847
1,(36),m2,63,1,2016nov11 01:14:24.460,53366,790,1.4400001,-1,-72.938446,648.18329,-721.12146,-2.1418571,-.67231375,.32532981
1,(36),m2,63,1,2016nov11 01:33:52.198,53375,790,.31999999,-1,-73.412392,648.18329,-721.5954,-.47394279,-.67518699,.32429039
1,(36),m2,63,1,2016nov11 02:02:38.525,53377,733,5,-1,-80.726044,648.18329,-728.90906,-7.3136559,-.68365264,.30847457
1,(36),m2,63,1,2016nov11 02:13:21.339,53378,757,-.94,1,-79.363861,648.18329,-727.54645,1.3621789,.69007087,.31138793
1,(36),m2,63,1,2016nov11 02:13:28.858,53379,757,.94,-1,-80.726036,648.18329,-728.90863,-1.3621782,-.69007123,.3084746
1,(36),m2,63,1,2016nov11 03:59:55.139,53400,744,11,-1,-96.267929,648.18329,-744.4505,-15.541889,-.70776469,.27634209
1,(36),m2,63,1,2016nov11 04:10:22.400,53401,799,4,1,-82.493492,661.9577,-744.4505,13.774435,.29039302,.30471712
1,(36),m2,63,1,2016nov11 04:11:20.369,53403,790,4.3400002,-1,-88.677757,661.9577,-750.63477,-6.1842661,-.70178097,.29177526
1,(36),m2,63,1,2016nov11 04:13:20.520,53408,790,-3.9300001,1,-83.082649,661.9577,-745.03998,5.595108,.70239931,.30347034
1,(36),m2,63,1,2016nov11 04:17:36.735,53418,795,20,-1,-110.68399,661.9577,-772.6413,-27.601343,-.7246024,.2484605
1,(36),m2,63,1,2016nov11 04:20:25.776,53430,790,5,-1,-117.28349,661.9577,-779.24078,-6.599504,-.75763267,.23634295
1,(36),m2,63,1,2016nov11 04:26:15.809,53452,790,.039999999,-1,-117.33586,661.9577,-779.29321,-.052370567,-.76378781,.23624845
1,(36),m2,63,1,2016nov11 05:05:33.609,53454,824,25,-1,-148.95421,661.9577,-810.9115,-31.618343,-.79068029,.18399046
1,(36),m2,63,1,2016nov11 05:54:31.635,53461,790,-4.7199998,1,-143.13847,661.9577,-805.09564,5.8157392,.81159067,.19288303
1,(36),m2,63,1,2016nov11 07:48:12.970,53488,776,-5,1,-136.90564,661.9577,-798.86237,6.2328391,.80220264,.20277235
1,(36),m2,63,1,2016nov11 07:57:45.381,53493,790,1,-1,-138.1584,661.9577,-800.11511,-1.2527543,-.79824108,.20075472
1,(36),m2,63,1,2016nov11 09:56:15.627,53506,788,30,-1,-174.46541,661.9577,-836.42212,-36.307003,-.82628685,.14872275
1,(36),m2,63,1,2016nov11 10:34:24.693,53508,776,-5,1,-168.56564,661.9577,-830.52209,5.8997722,.84749037,.15634792
1,(36),m2,63,1,2016nov11 10:40:44.210,53514,776,-5,1,-162.61093,661.9577,-824.56714,5.9547133,.83967096,.16436404
1,(36),m2,63,1,2016nov11 12:14:26.356,53523,776,-5,1,-156.59735,661.9577,-818.5531,6.0135832,.83145106,.17279115
1,(36),m2,63,1,2016nov11 12:44:02.884,53537,776,-5,1,-150.5206,661.9577,-812.47614,6.0767493,.82280833,.18165036
1,(36),m2,63,1,2016nov11 14:57:46.073,53541,821,10,1,-104.84304,707.63525,-812.47614,45.677559,.21892588,.25952661
1,(36),m2,63,1,2016nov11 17:25:48.666,53548,785,10,1,-70.822136,741.65619,-812.47614,34.020905,.29393691,.32999197
1,(36),m2,63,1,2016nov11 20:44:14.321,53569,794,10,-1,-85.402557,741.65619,-827.05652,-14.580422,-.68585116,.29858908
1,(36),m2,63,1,2016nov11 21:21:56.211,53575,790,15,-1,-106.16304,741.65619,-847.81702,-20.760487,-.72252643,.256998
1,(36),m2,63,1,2016nov11 21:25:39.307,53579,790,5,-1,-112.8359,741.65619,-854.48987,-6.6728582,-.74930412,.24446407
1,(36),m2,63,1,2016nov11 21:27:14.389,53584,790,-5,1,-106.16303,741.65619,-847.81677,6.6728654,.74930328,.256998
1,(36),m2,63,1,2016nov11 21:30:40.699,53586,790,-4.48,1,-100.08552,741.65619,-841.73877,6.077517,.73714316,.26877332
1,(36),m2,63,1,2016nov11 21:46:19.975,53594,735,6,1,-79.378448,762.36322,-841.73877,20.707066,.28975618,.31135663
1,(36),m2,63,1,2016nov11 21:46:46.277,53595,735,-6,-1,-100.08552,741.65619,-841.73877,-20.707069,-.28975612,.26877332
1,(36),m2,63,1,2016nov11 22:25:36.246,53598,776,7.0300002,-1,-109.58015,741.65619,-851.2334,-9.494627,-.74041879,.25052741
1,(36),m2,63,1,2016nov11 22:47:21.264,53601,790,-5,1,-102.85144,741.65619,-844.50439,6.728703,.74308527,.26337221
1,(36),m2,63,1,2016nov11 22:48:09.733,53603,790,-3.4300001,1,-98.165962,741.65619,-839.8194,4.6854792,.73204893,.27256259
1,(36),m2,63,1,2016nov12 01:53:15.570,53606,850,1,-1,-99.538094,741.65619,-841.19153,-1.3721311,-.72879332,.26985055
1,(36),m2,63,1,2016nov12 01:58:40.956,53607,850,6,-1,-107.66754,741.65619,-849.32098,-8.129447,-.73805761,.25413567
1,(36),m2,63,1,2016nov13 13:06:22.380,53612,755,3.72,-1,-112.62408,741.65619,-854.27753,-4.9565396,-.75052363,.24485551
1,(36),m2,63,1,2016nov14 00:49:24.221,53625,760,10,1,-76.890045,777.3902,-854.27753,35.734039,.27984521,.316717
1,(36),m2,63,1,2016nov14 03:08:34.620,53641,730,15,-1,-98.146667,777.3902,-875.53418,-21.256626,-.70566231,.27260086
1,(36),m2,63,1,2016nov14 17:16:20.400,53650,820,1,1,-94.52623,781.01062,-875.53418,3.6204364,.2762098,.27983859
1,(36),m2,63,1,2016nov14 22:35:35.057,53669,733,5,-1,-101.40361,781.01062,-882.41156,-6.8773832,-.72702068,.26619074
1,(36),m2,63,1,2016nov15 00:23:24.517,53677,726,5,-1,-108.1573,781.01062,-889.16522,-6.7536902,-.740336,.25320846
1,(36),m2,63,1,2016nov15 01:21:08.060,53693,738,15,-1,-127.77203,781.01062,-908.77997,-19.614723,-.76473165,.21793854
1,(36),m2,63,1,2016nov15 02:05:12.447,53705,790,-4.5300002,1,-121.9422,781.01062,-902.94995,5.8298297,.77703816,.22803819
1,(36),m2,63,1,2016nov15 02:06:13.069,53708,790,-4,1,-116.72932,781.01062,-897.73694,5.2128806,.76733005,.23734461
1,(36),m2,63,1,2016nov15 02:14:54.031,53711,790,-3,1,-112.77703,781.01062,-893.78497,3.9522874,.75905412,.24457282
1,(36),m2,63,1,2016nov15 03:33:54.287,53716,772,20,-1,-138.47995,781.01062,-919.48785,-25.702917,-.77812177,.20023929
1,(36),m2,63,1,2016nov15 06:39:02.299,53723,811,15,1,-79.246521,840.24408,-919.48785,59.233425,.2532354,.31163958
1,(36),m2,63,1,2016nov15 07:05:01.347,53729,846,15,-1,-100.3618,840.24408,-940.60315,-21.115278,-.7103861,.26823068
1,(36),m2,63,1,2016nov15 11:16:27.951,53753,833,10,-1,-113.79053,840.24408,-954.03186,-13.428733,-.74467188,.24270515
1,(36),m2,63,1,2016nov15 11:26:56.191,53766,833,20,-1,-139.43755,840.24408,-979.67889,-25.647005,-.77981818,.19871016
1,(36),m2,63,1,2016nov15 11:59:58.170,53768,776,-5,1,-133.15793,840.24408,-973.39923,6.2796149,.79622716,.20889825
1,(36),m2,63,1,2016nov15 12:30:12.325,53774,775,7,1,-103.36266,870.03937,-973.39923,29.795267,.23493664,.26238161
1,(36),m2,63,1,2016nov15 15:21:29.386,53791,745,10,-1,-116.6917,870.03937,-986.72827,-13.329043,-.7502414,.23741269
1,(36),m2,63,1,2016nov15 18:16:42.648,53815,805,40,1,-4.4717712,982.25928,-986.72827,112.21993,.35644293,.48882243
1,(36),m2,63,1,2016nov15 18:53:15.898,53819,794,1,-1,-6.4187751,982.25928,-988.67529,-1.9470038,-.51360965,.48395857
1,(36),m2,63,1,2016nov15 21:50:54.066,53837,790,19,-1,-40.457367,982.25928,-1022.7139,-34.038593,-.55818993,.40021396
1,(36),m2,63,1,2016nov15 21:51:27.793,53839,790,14,-1,-62.815369,982.25928,-1045.0719,-22.358002,-.62617403,.3479293
1,(36),m2,63,1,2016nov15 21:52:23.766,53842,790,6,-1,-71.875374,982.25928,-1054.132,-9.0600052,-.66225129,.32766747
1,(36),m2,63,1,2016nov15 21:54:32.778,53846,790,2,-1,-74.835785,982.25928,-1057.0923,-2.9604108,-.67558193,.32117924
1,(36),m2,63,1,2016nov15 23:33:57.110,53870,843,10,1,-46.509621,1010.5854,-1057.0923,28.326166,.35303047,.38577756
1,(36),m2,63,1,2016nov16 00:03:10.269,53884,842,4,-1,-52.942501,1010.5854,-1063.5251,-6.4328799,-.62180549,.37065101
1,(36),m2,63,1,2016nov16 00:09:18.039,53900,753,8,-1,-65.370995,1010.5854,-1075.9537,-12.428493,-.64368224,.342154
1,(36),m2,63,1,2016nov16 00:18:24.772,53921,840,25,1,-4.9333916,1071.0231,-1075.9537,60.437603,.41364977,.48766902
1,(36),m2,63,1,2016nov16 00:20:06.266,53928,733,10,-1,-23.604521,1071.0231,-1094.6248,-18.671129,-.53558624,.44126117
1,(36),m2,63,1,2016nov16 00:20:15.907,53930,842,6,-1,-34.101013,1071.0231,-1105.1213,-10.496492,-.57161951,.41556412
1,(36),m2,63,1,2016nov16 00:20:16.094,53931,733,2,-1,-37.499168,1071.0231,-1108.5194,-3.3981559,-.5885545,.4073354
1,(36),m2,63,1,2016nov16 00:20:57.793,53935,790,2.5,-1,-41.68187,1071.0231,-1112.7021,-4.1827006,-.59769994,.39727825
1,(36),m2,63,1,2016nov16 00:27:08.839,53950,790,3.73,-1,-47.796516,1071.0231,-1118.8168,-6.1146474,-.61001062,.38273275
1,(36),m2,63,1,2016nov16 00:27:46.466,53952,790,1.17,-1,-49.685154,1071.0231,-1120.7054,-1.8886366,-.6194945,.37828085
1,(36),m2,63,1,2016nov16 00:34:05.421,53957,790,.54000002,-1,-50.552292,1071.0231,-1121.5726,-.86713761,-.62273854,.37624365
1,(36),m2,63,1,2016nov16 00:35:04.576,53960,790,3.8399999,-1,-56.639198,1071.0231,-1127.6595,-6.0869069,-.6308623,.36206976
1,(36),m2,63,1,2016nov16 00:38:57.157,53964,840,-2,-1,-62.263359,1065.3984,-1127.6595,-5.6241598,-.35560867,.34918272
1,(36),m2,63,1,2016nov16 00:42:43.731,53969,840,-3,-1,-71.107033,1056.5544,-1127.6595,-8.8436708,-.33922565,.32936239
1,(36),m2,63,1,2016nov16 00:56:22.326,53996,840,-2,-1,-77.307358,1050.3545,-1127.6595,-6.2003236,-.3225638,.31581461
1,(36),m2,63,1,2016nov16 04:35:19.460,54015,740,10,-1,-91.606247,1050.3545,-1141.9584,-14.298887,-.69935513,.28576088
1,(36),m2,63,1,2016nov16 05:51:19.062,54020,790,-13,1,-72.891624,1050.3545,-1123.2433,18.714621,.69464403,.3254326
1,(36),m2,63,1,2016nov16 07:55:34.815,54023,776,5,-1,-80.217216,1050.3545,-1130.569,-7.325592,-.68253869,.30956107
1,(36),m2,63,1,2016nov16 18:43:34.156,54032,810,4,-1,-85.959969,1050.3545,-1136.3116,-5.7427487,-.69653058,.29742298
1,(36),m2,63,1,2016nov16 22:37:16.778,54036,743,-6,-1,-107.75072,1028.5641,-1136.3116,-21.790751,-.27534619,.25397804
1,(36),m2,63,1,2016nov16 23:10:24.156,54048,790,-9.2799997,1,-95.104126,1028.5641,-1123.6647,12.646588,.73379475,.27867547
1,(36),m2,63,1,2016nov17 03:53:47.810,54062,835,2,-1,-97.866219,1028.5641,-1126.4268,-2.7620924,-.72408873,.27315733
1,(36),m2,63,1,2016nov17 07:18:58.082,54085,796,20,-1,-124.45655,1028.5641,-1153.0171,-26.590332,-.7521531,.22364229
1,(36),m2,63,1,2016nov17 23:08:02.195,54103,790,-2.48,1,-121.25058,1028.5641,-1149.8112,3.2059669,.7735576,.22925797
1,(36),m2,63,1,2016nov17 23:55:04.828,54112,790,-4,1,-116.02924,1028.5641,-1144.5901,5.2213469,.76608586,.23861416
1,(36),m2,63,1,2016nov17 23:55:58.351,54114,790,-3,1,-112.07023,1028.5641,-1140.6311,3.9590094,.75776529,.24588105
1,(36),m2,63,1,2016nov18 06:09:46.210,54132,794,-2,1,-109.40938,1028.5641,-1137.9707,2.6608467,.75164044,.25084817
1,(36),m2,63,1,2016nov18 13:55:23.108,54142,790,-55,1,-26.236122,1028.5641,-1054.7977,83.173256,.66127026,.43478337
1,(36),m2,63,1,2016nov18 13:55:57.725,54145,790,10,-1,-43.300812,1028.5641,-1071.8624,-17.064692,-.58600533,.39340824
1,(36),m2,63,1,2016nov18 13:56:35.555,54148,790,5,-1,-51.414856,1028.5641,-1079.9764,-8.1140461,-.61621541,.3742215
1,(36),m2,63,1,2016nov18 13:58:17.142,54154,790,3.6900001,-1,-57.248158,1028.5641,-1085.8097,-5.833302,-.63257486,.3606644
1,(36),m2,63,1,2016nov18 14:00:18.135,54158,790,2,-1,-60.359005,1028.5641,-1088.9205,-3.1108468,-.64291179,.35352278
1,(36),m2,63,1,2016nov18 14:05:10.308,54160,790,2,-1,-63.436012,1028.5641,-1091.9976,-3.0770071,-.64998227,.34652254
1,(36),m2,63,1,2016nov18 16:57:35.229,54169,755,27.24,-1,-102.58261,1028.5641,-1131.1442,-39.146595,-.69584596,.26389411
1,(36),m2,63,1,2016nov18 18:53:39.319,54178,842,1.25,-1,-104.27695,1028.5641,-1132.8385,-1.694346,-.73774779,.26061597
1,(36),m2,63,1,2016nov18 22:29:47.618,54187,790,-5,1,-97.453239,1028.5641,-1126.0146,6.8237176,.73273844,.27397802
1,(36),m2,63,1,2016nov18 22:30:16.088,54189,790,-3,1,-93.297325,1028.5641,-1121.8586,4.1559167,.72186238,.2823219
1,(36),m2,63,1,2016nov18 23:39:44.112,54193,734,.0030632019,-1,-179.80132,942.06372,-1121.8586,-86.50399,-.20634887,.14209309
1,(36),m2,63,1,2016nov18 23:45:26.844,54208,790,-8.2399998,1,-170.12852,942.06372,-1112.1857,9.6727858,.85187453,.15429749
1,(36),m2,63,1,2016nov18 23:56:02.684,54210,828,2,-1,-172.48915,942.06372,-1114.5463,-2.3606215,-.84723455,.15124218
1,(36),m2,63,1,2016nov19 00:51:03.800,54221,790,-3,1,-168.94501,942.06372,-1111.0022,3.5441511,.84646505,.15584818
1,(36),m2,63,1,2016nov19 02:47:56.156,54241,790,-5,1,-162.99393,942.06372,-1105.0513,5.9510856,.84018284,.16383867
1,(36),m2,63,1,2016nov19 02:49:15.030,54244,790,-1.5,1,-161.19737,942.06372,-1103.2543,1.7965621,.83492804,.16631477
1,(36),m2,63,1,2016nov19 02:50:23.046,54247,828,20,-1,-184.74973,942.06372,-1126.8066,-23.552357,-.84917194,.13616702
1,(36),m2,63,1,2016nov19 02:54:57.559,54254,828,-20,1,-161.19737,942.06372,-1103.2546,23.552357,.84917194,.16631477
1,(36),m2,63,1,2016nov19 03:07:24.846,54257,790,.25999999,-1,-161.50917,942.06372,-1103.5664,-.31179133,-.83389103,.1658829
1,(36),m2,63,1,2016nov19 03:55:27.726,54259,743,1,1,-155.62701,947.94586,-1103.5664,5.8821526,.1700058,.1741825
1,(36),m2,63,1,2016nov19 05:03:35.300,54261,790,4,-1,-160.45065,947.94586,-1108.39,-4.8236313,-.82925075,.16735271
1,(36),m2,63,1,2016nov19 05:32:02.985,54263,790,7,-1,-168.80031,947.94586,-1116.7397,-8.3496552,-.83835799,.15603864
1,(36),m2,63,1,2016nov19 05:34:17.972,54265,790,4,-1,-173.52264,947.94586,-1121.462,-4.7223406,-.84703761,.14992028
1,(36),m2,63,1,2016nov19 05:45:04.717,54270,770,100,1,78.740173,1200.2087,-1121.462,252.26282,.39641196,.68727314
1,(36),m2,63,1,2016nov19 05:45:22.345,54271,770,-50,-1,-6.2417831,1115.2269,-1121.462,-84.981956,-.58836019,.4844006
1,(36),m2,63,1,2016nov19 05:56:42.271,54277,790,6,-1,-17.568523,1115.2269,-1132.7888,-11.326741,-.52971989,.4561913
1,(36),m2,63,1,2016nov19 05:57:01.303,54279,790,12,-1,-38.63121,1115.2269,-1153.8514,-21.062687,-.5697279,.40460539
1,(36),m2,63,1,2016nov19 05:57:36.122,54282,790,12,-1,-58.034679,1115.2269,-1173.2549,-19.403469,-.61844611,.3588528
1,(36),m2,63,1,2016nov19 05:57:53.891,54284,790,3,-1,-62.675327,1115.2269,-1177.8956,-4.6406465,-.64646167,.34824708
1,(36),m2,63,1,2016nov19 05:58:13.500,54286,790,4,-1,-68.748795,1115.2269,-1183.969,-6.0734677,-.65860236,.33459213
1,(36),m2,63,1,2016nov19 05:58:37.664,54289,790,4,-1,-74.701263,1115.2269,-1189.9215,-5.9524703,-.67198992,.32147259
1,(36),m2,63,1,2016nov19 06:13:00.266,54308,800,2,1,-68.606804,1121.3213,-1189.9215,6.0944595,.32816693,.33490834
1,(36),m2,63,1,2016nov19 14:37:05.834,54316,776,3.5799999,-1,-73.942139,1121.3213,-1195.2568,-5.3353348,-.67099816,.3231307
1,(36),m2,63,1,2016nov20 03:04:58.000,54323,790,-1,1,-72.461197,1121.3213,-1193.776,1.4809415,.67524612,.3263782
1,(36),m2,63,1,2016nov20 23:22:40.893,54338,834,20,-1,-100.87943,1121.3213,-1222.1942,-28.418236,-.70377344,.26721588
1,(36),m2,63,1,2016nov20 23:34:58.851,54341,834,-20,1,-72.461197,1121.3213,-1193.776,28.418236,.70377344,.3263782
1,(36),m2,63,1,2016nov20 23:45:33.459,54344,834,10,-1,-86.968811,1121.3213,-1208.2836,-14.507613,-.68929327,.2953192
1,(36),m2,63,1,2016nov21 00:12:23.301,54349,834,10,-1,-100.87943,1121.3213,-1222.1942,-13.910622,-.71887511,.26721588
1,(36),m2,63,1,2016nov21 03:46:33.084,54355,848,10,-1,-114.29076,1121.3213,-1235.6055,-13.411328,-.74563831,.24178691
1,(36),m2,63,1,2016nov21 09:06:20.935,54379,850,10,-1,-127.28027,1121.3213,-1248.595,-12.989508,-.7698521,.21877785
1,(36),m2,63,1,2016nov21 09:07:01.183,54380,850,-1,1,-125.99842,1121.3213,-1247.313,1.2818497,.78012264,.22097661
1,(36),m2,63,1,2016nov21 09:07:05.941,54381,850,-1,1,-124.71294,1121.3213,-1246.028,1.2854838,.77791721,.22319746
1,(36),m2,63,1,2016nov21 09:31:18.254,54389,801,10,-1,-137.41051,1121.3213,-1258.7255,-12.697574,-.78755206,.20195742
1,(36),m2,63,1,2016nov21 11:36:04.881,54396,790,-5,1,-131.10452,1121.3213,-1252.4196,6.3059855,.79289746,.212312
1,(36),m2,63,1,2016nov21 12:17:07.950,54398,790,-5,1,-124.71293,1121.3213,-1246.0275,6.3915954,.78227729,.22319746
1,(36),m2,63,1,2016nov21 13:03:33.703,54407,754,30,-1,-161.89572,1121.3213,-1283.2103,-37.182785,-.80682498,.16534874
1,(36),m2,63,1,2016nov21 14:08:22.154,54408,776,-25.99,1,-129.84599,1121.3213,-1251.1594,32.049725,.81092739,.21442433
1,(36),m2,63,1,2016nov21 16:12:41.091,54418,800,5,1,-108.40662,1142.7607,-1251.1594,21.439379,.23321572,.25273731
1,(36),m2,63,1,2016nov21 22:26:58.981,54441,838,-5,1,-101.65733,1142.7607,-1244.4097,6.7492905,.74081862,.26569542
1,(36),m2,63,1,2016nov21 22:36:52.120,54480,790,5,-1,-108.40662,1142.7607,-1251.1589,-6.7492948,-.74081814,.25273728
1,(36),m2,63,1,2016nov21 22:55:16.491,54492,816,5,-1,-115.04268,1142.7607,-1257.795,-6.6360526,-.75345999,.24041115
1,(36),m2,63,1,2016nov21 23:52:06.011,54542,790,5,-1,-121.57448,1142.7607,-1264.3268,-6.5318003,-.76548576,.22868617
1,(36),m2,63,1,2016nov22 02:47:56.338,54580,790,-2,1,-118.97372,1142.7607,-1261.7257,2.6007533,.76900798,.23330595
1,(36),m3,90,1,2016nov08 03:00:35.200,43557,91,-100,1,218.30273,,,148.98801,.67119497,.81606025
1,(36),m3,90,2,2016nov08 03:00:35.200,43557,91,-100,1,0,,,0,0,.091969863
1,(36),m3,90,3,2016nov08 03:00:35.200,43557,91,-100,1,0,,,0,0,.091969863
1,(36),m3,90,1,2016nov08 03:00:46.463,43558,91,-100,-1,69.314728,,,-148.98801,-.67119497,.5
1,(36),m3,90,3,2016nov08 03:00:46.463,43558,91,-100,-1,0,,,0,0,.24999997
1,(36),m3,90,2,2016nov08 03:00:46.463,43558,91,-100,-1,0,,,0,0,.24999997
1,(36),m3,90,2,2016nov08 03:01:00.833,43559,91,-100,1,0,,,0,0,.091969863
1,(36),m3,90,3,2016nov08 03:01:00.833,43559,91,-100,1,206.34554,,,206.34554,.484624,.72409046
1,(36),m3,90,1,2016nov08 03:01:00.833,43559,91,-100,1,69.314728,,,0,0,.18393975
1,(36),m3,90,3,2016nov08 03:04:05.117,43572,93,-2,1,209.09721,,,2.7516823,.7268281,.72955376
1,(36),m3,90,2,2016nov08 03:04:05.117,43572,93,-2,1,0,,,0,0,.090148732
1,(36),m3,90,1,2016nov08 03:04:05.117,43572,93,-2,1,69.314728,,,0,0,.18029749
1,(36),m3,90,3,2016nov08 03:04:34.287,43574,137,-20,1,235.60074,,,26.503525,.75461662,.77857733
1,(36),m3,90,1,2016nov08 03:04:34.287,43574,137,-20,1,69.314728,,,0,0,.1476151
1,(36),m3,90,2,2016nov08 03:04:34.287,43574,137,-20,1,0,,,0,0,.073807545
1,(36),m3,90,2,2016nov08 03:04:37.720,43576,91,-50,-1,0,,,0,0,.12168805
1,(36),m3,90,1,2016nov08 03:04:37.720,43576,91,-50,-1,69.314728,,,0,0,.24337614
1,(36),m3,90,3,2016nov08 03:04:37.720,43576,91,-50,-1,165.2063,,,-70.394447,-.71028328,.6349358
1,(36),m3,90,3,2016nov08 03:37:03.850,43603,68,-30,1,209.09723,,,43.890926,.68351257,.72955376
1,(36),m3,90,1,2016nov08 03:37:03.850,43603,68,-30,1,69.314728,,,0,0,.18029749
1,(36),m3,90,2,2016nov08 03:37:03.850,43603,68,-30,1,0,,,0,0,.090148732
1,(36),m3,90,2,2016nov08 04:02:19.657,43607,62,-10,1,0,,,0,0,.08156994
1,(36),m3,90,3,2016nov08 04:02:19.657,43607,62,-10,1,222.56412,,,13.466889,.742562,.75529021
1,(36),m3,90,1,2016nov08 04:02:19.657,43607,62,-10,1,69.314728,,,0,0,.16313989
1,(36),m3,90,2,2016nov08 04:32:54.433,43627,137,-5,1,0,,,0,0,.077591732
1,(36),m3,90,3,2016nov08 04:32:54.433,43627,137,-5,1,229.1319,,,6.5677862,.7612915,.76722473
1,(36),m3,90,1,2016nov08 04:32:54.433,43627,137,-5,1,69.314728,,,0,0,.15518348
1,(36),m3,90,3,2016nov08 04:35:37.487,43629,75,-5,1,229.1319,,,0,0,.72980684
1,(36),m3,90,2,2016nov08 04:35:37.487,43629,75,-5,1,50.728764,,,50.728764,.09856341,.12257813
1,(36),m3,90,1,2016nov08 04:35:37.487,43629,75,-5,1,69.314728,,,0,0,.1476151
1,(36),m3,90,2,2016nov08 04:37:46.527,43633,98,-10,1,50.728764,,,0,0,.11091325
1,(36),m3,90,1,2016nov08 04:37:46.527,43633,98,-10,1,69.314728,,,0,0,.13356765
1,(36),m3,90,3,2016nov08 04:37:46.527,43633,98,-10,1,242.59442,,,13.462524,.74280274,.75551909
1,(36),m3,90,2,2016nov08 04:56:47.327,43653,88,-10,1,50.728764,,,0,0,.10035846
1,(36),m3,90,3,2016nov08 04:56:47.327,43653,88,-10,1,255.62737,,,13.032938,.76728672,.77878457
1,(36),m3,90,1,2016nov08 04:56:47.327,43653,88,-10,1,69.314728,,,0,0,.120857
1,(36),m3,90,1,2016nov08 05:06:29.843,43661,124,-10,1,69.314728,,,0,0,.10935593
1,(36),m3,90,2,2016nov08 05:06:29.843,43661,124,-10,1,50.728764,,,0,0,.090808086
1,(36),m3,90,3,2016nov08 05:06:29.843,43661,124,-10,1,268.29459,,,12.667234,.78943831,.79983598
1,(36),m3,90,1,2016nov08 05:20:00.217,43675,91,-10,-1,69.314728,,,0,0,.120857
1,(36),m3,90,3,2016nov08 05:20:00.217,43675,91,-10,-1,255.62737,,,-12.667224,-.78943896,.77878457
1,(36),m3,90,2,2016nov08 05:20:00.217,43675,91,-10,-1,50.728764,,,0,0,.10035846
1,(36),m3,90,2,2016nov08 05:21:41.337,43677,91,-10,-1,50.728764,,,0,0,.11091325
1,(36),m3,90,1,2016nov08 05:21:41.337,43677,91,-10,-1,69.314728,,,0,0,.13356765
1,(36),m3,90,3,2016nov08 05:21:41.337,43677,91,-10,-1,242.59444,,,-13.032931,-.76728708,.75551909
1,(36),m3,90,3,2016nov08 05:25:33.823,43681,91,-10,-1,229.13191,,,-13.462518,-.7428031,.72980678
1,(36),m3,90,2,2016nov08 05:25:33.823,43681,91,-10,-1,50.728764,,,0,0,.12257809
1,(36),m3,90,1,2016nov08 05:25:33.823,43681,91,-10,-1,69.314728,,,0,0,.14761508
1,(36),m3,90,3,2016nov08 05:29:02.177,43685,91,-10,-1,215.16039,,,-13.97153,-.71574122,.70139039
1,(36),m3,90,1,2016nov08 05:29:02.177,43685,91,-10,-1,69.314728,,,0,0,.16313988
1,(36),m3,90,2,2016nov08 05:29:02.177,43685,91,-10,-1,50.728764,,,0,0,.13546975
1,(36),m3,90,1,2016nov08 05:30:09.663,43687,91,-10,-1,69.314728,,,0,0,.18029745
1,(36),m3,90,2,2016nov08 05:30:09.663,43687,91,-10,-1,50.728764,,,0,0,.14971721
1,(36),m3,90,3,2016nov08 05:30:09.663,43687,91,-10,-1,200.57951,,,-14.580878,-.68582976,.66998535
1,(36),m3,90,2,2016nov08 05:34:11.120,43692,91,-10,-1,50.728764,,,0,0,.16546312
1,(36),m3,90,1,2016nov08 05:34:11.120,43692,91,-10,-1,69.314728,,,0,0,.1992595
1,(36),m3,90,3,2016nov08 05:34:11.120,43692,91,-10,-1,185.2601,,,-15.319407,-.65276682,.63527739
1,(36),m3,90,3,2016nov08 05:40:13.727,43705,83,-2,1,188.3905,,,3.1304071,.63889456,.64249933
1,(36),m3,90,1,2016nov08 05:40:13.727,43705,83,-2,1,69.314728,,,0,0,.19531392
1,(36),m3,90,2,2016nov08 05:40:13.727,43705,83,-2,1,50.728764,,,0,0,.16218674
1,(36),m3,90,2,2016nov08 06:33:21.823,43747,126,-1,1,50.728764,,,0,0,.16057296
1,(36),m3,90,3,2016nov08 06:33:21.823,43747,126,-1,1,188.3905,,,0,0,.63610637
1,(36),m3,90,1,2016nov08 06:33:21.823,43747,126,-1,1,74.332359,,,5.0176301,.19929728,.20332065
1,(36),m3,90,1,2016nov08 06:33:36.980,43748,126,-1,-1,69.314728,,,-5.0176311,-.19929723,.19531392
1,(36),m3,90,3,2016nov08 06:33:36.980,43748,126,-1,-1,188.3905,,,0,0,.64249933
1,(36),m3,90,2,2016nov08 06:33:36.980,43748,126,-1,-1,50.728764,,,0,0,.16218674
1,(36),m3,90,2,2016nov08 06:34:04.900,43749,126,-100,1,50.728764,,,0,0,.059665181
1,(36),m3,90,3,2016nov08 06:34:04.900,43749,126,-100,1,318.52869,,,130.1382,.7684139,.86848283
1,(36),m3,90,1,2016nov08 06:34:04.900,43749,126,-100,1,69.314728,,,0,0,.071851991
1,(36),m3,90,2,2016nov08 06:59:12.747,43756,73,-1,1,66.295952,,,15.567186,.064237684,.069021672
1,(36),m3,90,3,2016nov08 06:59:12.747,43756,73,-1,1,318.52869,,,0,0,.85984129
1,(36),m3,90,1,2016nov08 06:59:12.747,43756,73,-1,1,69.314728,,,0,0,.071137056
1,(36),m3,90,3,2016nov08 07:10:38.070,43785,73,-2,1,318.52869,,,0,0,.84281528
1,(36),m3,90,1,2016nov08 07:10:38.070,43785,73,-2,1,94.31102,,,24.996288,.080011882,.089529783
1,(36),m3,90,2,2016nov08 07:10:38.070,43785,73,-2,1,66.295952,,,0,0,.067654952
1,(36),m3,90,1,2016nov08 07:10:48.133,43786,73,-5,1,94.31102,,,0,0,.085163362
1,(36),m3,90,3,2016nov08 07:10:48.133,43786,73,-5,1,318.52869,,,0,0,.80171072
1,(36),m3,90,2,2016nov08 07:10:48.133,43786,73,-5,1,122.70408,,,56.408127,.088639706,.11312595
1,(36),m3,90,3,2016nov08 07:11:38.583,43790,106,-10,1,318.52869,,,0,0,.72541791
1,(36),m3,90,2,2016nov08 07:11:38.583,43790,106,-10,1,122.70408,,,0,0,.1023606
1,(36),m3,90,1,2016nov08 07:11:38.583,43790,106,-10,1,174.73209,,,80.421059,.12434554,.1722216
1,(36),m3,90,2,2016nov08 07:16:18.853,43802,89,-6,1,122.70408,,,0,0,.096399561
1,(36),m3,90,1,2016nov08 07:16:18.853,43802,89,-6,1,174.73209,,,0,0,.16219215
1,(36),m3,90,3,2016nov08 07:16:18.853,43802,89,-6,1,326.70905,,,8.1803694,.73346323,.74140823
1,(36),m3,90,2,2016nov08 07:16:45.090,43804,73,-2,-1,122.70408,,,0,0,.098346964
1,(36),m3,90,1,2016nov08 07:16:45.090,43804,73,-2,-1,161.71147,,,-13.020616,-.15360257,.14526731
1,(36),m3,90,3,2016nov08 07:16:45.090,43804,73,-2,-1,326.70905,,,0,0,.75638574
1,(36),m3,90,2,2016nov08 07:17:20.083,43807,73,-2,-1,100.22189,,,-22.482185,-.088959321,.080132373
1,(36),m3,90,1,2016nov08 07:17:20.083,43807,73,-2,-1,161.71147,,,0,0,.14820191
1,(36),m3,90,3,2016nov08 07:17:20.083,43807,73,-2,-1,326.70905,,,0,0,.77166575
1,(36),m3,90,3,2016nov08 07:17:31.347,43809,73,-1,-1,326.70905,,,0,0,.77942115
1,(36),m3,90,1,2016nov08 07:17:31.347,43809,73,-1,-1,161.71147,,,0,0,.14969137
1,(36),m3,90,2,2016nov08 07:17:31.347,43809,73,-1,-1,86.963379,,,-13.258512,-.075423248,.070887543
1,(36),m3,90,2,2016nov08 08:10:11.217,43833,136,-5,1,86.963379,,,0,0,.067430317
1,(36),m3,90,3,2016nov08 08:10:11.217,43833,136,-5,1,333.07983,,,6.3707862,.78483248,.79017889
1,(36),m3,90,1,2016nov08 08:10:11.217,43833,136,-5,1,161.71147,,,0,0,.14239083
1,(36),m3,90,3,2016nov08 08:21:59.520,43843,87,-1,1,334.34372,,,1.263871,.79122001,.79226667
1,(36),m3,90,1,2016nov08 08:21:59.520,43843,87,-1,1,161.71147,,,0,0,.140974
1,(36),m3,90,2,2016nov08 08:21:59.520,43843,87,-1,1,86.963379,,,0,0,.066759363
1,(36),m3,90,1,2016nov08 08:26:00.120,43852,87,-4,1,161.71147,,,0,0,.13544632
1,(36),m3,90,3,2016nov08 08:26:00.120,43852,87,-4,1,339.36658,,,5.0228562,.79635966,.80041194
1,(36),m3,90,2,2016nov08 08:26:00.120,43852,87,-4,1,86.963379,,,0,0,.064141691
1,(36),m3,90,3,2016nov08 10:28:28.733,43864,122,-10,1,351.71182,,,12.345232,.81002933,.81940532
1,(36),m3,90,1,2016nov08 10:28:28.733,43864,122,-10,1,161.71147,,,0,0,.12255689
1,(36),m3,90,2,2016nov08 10:28:28.733,43864,122,-10,1,86.963379,,,0,0,.058037795
1,(36),m3,90,1,2016nov08 11:22:54.750,43873,85,-50,1,161.71147,,,0,0,.07433451
1,(36),m3,90,3,2016nov08 11:22:54.750,43873,85,-50,1,410.02817,,,58.316357,.85739237,.89046371
1,(36),m3,90,2,2016nov08 11:22:54.750,43873,85,-50,1,86.963379,,,0,0,.035201702
1,(36),m3,90,2,2016nov08 12:12:08.877,43876,158,-10,1,86.963379,,,0,0,.031851817
1,(36),m3,90,3,2016nov08 12:12:08.877,43876,158,-10,1,421.19196,,,11.1638,.89575231,.90088749
1,(36),m3,90,1,2016nov08 12:12:08.877,43876,158,-10,1,161.71147,,,0,0,.067260645
1,(36),m3,90,2,2016nov08 13:13:33.050,43898,142,-5,1,182.88599,,,95.9226,.052125361,.079068966
1,(36),m3,90,3,2016nov08 13:13:33.050,43898,142,-5,1,421.19196,,,0,0,.8569507
1,(36),m3,90,1,2016nov08 13:13:33.050,43898,142,-5,1,161.71147,,,0,0,.063980304
1,(36),m3,90,1,2016nov08 14:18:27.090,43910,132,-10,1,161.71147,,,0,0,.057891782
1,(36),m3,90,3,2016nov08 14:18:27.090,43910,132,-10,1,432.76801,,,11.576047,.86385274,.87056363
1,(36),m3,90,2,2016nov08 14:18:27.090,43910,132,-10,1,182.88599,,,0,0,.071544565
1,(36),m3,90,1,2016nov08 15:12:32.187,43947,107,-15,1,161.71147,,,0,0,.049827926
1,(36),m3,90,2,2016nov08 15:12:32.187,43947,107,-15,1,182.88599,,,0,0,.061578989
1,(36),m3,90,3,2016nov08 15:12:32.187,43947,107,-15,1,449.81787,,,17.049854,.8797729,.88859308
1,(36),m3,90,2,2016nov08 16:53:10.197,43959,69,-2,1,211.25758,,,28.371603,.07049302,.080160968
1,(36),m3,90,1,2016nov08 16:53:10.197,43959,69,-2,1,161.71147,,,0,0,.048841268
1,(36),m3,90,3,2016nov08 16:53:10.197,43959,69,-2,1,449.81787,,,0,0,.87099779
1,(36),m3,90,2,2016nov08 16:58:26.037,43972,69,-5,1,211.25758,,,0,0,.07625147
1,(36),m3,90,3,2016nov08 16:58:26.037,43972,69,-5,1,449.81787,,,0,0,.82851869
1,(36),m3,90,1,2016nov08 16:58:26.037,43972,69,-5,1,233.48322,,,71.771751,.06966529,.095229819
1,(36),m3,90,3,2016nov08 17:37:40.327,43991,113,-10,1,461.76834,,,11.950474,.83678693,.84483737
1,(36),m3,90,1,2016nov08 17:37:40.327,43991,113,-10,1,233.48322,,,0,0,.086167485
1,(36),m3,90,2,2016nov08 17:37:40.327,43991,113,-10,1,211.25758,,,0,0,.06899517
1,(36),m3,90,1,2016nov08 17:55:44.917,43999,62,-11.25,-1,233.48322,,,0,0,.096427657
1,(36),m3,90,2,2016nov08 17:55:44.917,43999,62,-11.25,-1,211.25758,,,0,0,.07721059
1,(36),m3,90,3,2016nov08 17:55:44.917,43999,62,-11.25,-1,448.30719,,,-13.46114,-.83573902,.82636178
1,(36),m3,90,1,2016nov08 18:45:22.877,44029,109,-2,1,233.48322,,,0,0,.094518259
1,(36),m3,90,3,2016nov08 18:45:22.877,44029,109,-2,1,448.30719,,,0,0,.80999875
1,(36),m3,90,2,2016nov08 18:45:22.877,44029,109,-2,1,234.49879,,,23.241205,.086054057,.09548305
1,(36),m3,90,3,2016nov08 18:45:30.710,44030,109,-5,1,454.4447,,,6.137516,.8146618,.81926513
1,(36),m3,90,2,2016nov08 18:45:30.710,44030,109,-5,1,234.49879,,,0,0,.09082628
1,(36),m3,90,1,2016nov08 18:45:30.710,44030,109,-5,1,233.48322,,,0,0,.089908548
1,(36),m3,90,2,2016nov08 22:38:07.140,44122,84,-10,1,234.49879,,,0,0,.082183018
1,(36),m3,90,1,2016nov08 22:38:07.140,44122,84,-10,1,233.48322,,,0,0,.081352614
1,(36),m3,90,3,2016nov08 22:38:07.140,44122,84,-10,1,466.52231,,,12.077616,.82797801,.83646435
1,(36),m3,90,1,2016nov08 23:14:11.780,44126,61,-20,1,233.48322,,,0,0,.066605888
1,(36),m3,90,3,2016nov08 23:14:11.780,44126,61,-20,1,490.00491,,,23.482613,.85169399,.8661083
1,(36),m3,90,2,2016nov08 23:14:11.780,44126,61,-20,1,234.49879,,,0,0,.067285761
1,(36),m3,90,1,2016nov09 04:10:53.887,44155,73,-2,-1,233.48322,,,0,0,.067951418
1,(36),m3,90,2,2016nov09 04:10:53.887,44155,73,-2,-1,199.64413,,,-34.85466,-.057381138,.048443694
1,(36),m3,90,3,2016nov09 04:10:53.887,44155,73,-2,-1,490.00491,,,0,0,.88360488
1,(36),m3,90,2,2016nov09 04:14:14.800,44159,94,-10,1,315.04861,,,115.40448,.08665175,.13899626
1,(36),m3,90,3,2016nov09 04:14:14.800,44159,94,-10,1,490.00491,,,0,0,.79951876
1,(36),m3,90,1,2016nov09 04:14:14.800,44159,94,-10,1,233.48322,,,0,0,.061484985
1,(36),m3,90,2,2016nov09 04:49:12.313,44187,86,-1,1,315.04861,,,0,0,.13761322
1,(36),m3,90,3,2016nov09 04:49:12.313,44187,86,-1,1,490.00491,,,0,0,.79156345
1,(36),m3,90,1,2016nov09 04:49:12.313,44187,86,-1,1,248.62282,,,15.139598,.066051953,.070823371
1,(36),m3,90,3,2016nov09 11:15:47.733,44255,118,-65,1,566.85931,,,76.854378,.84575534,.89118659
1,(36),m3,90,2,2016nov09 11:15:47.733,44255,118,-65,1,315.04861,,,0,0,.071840413
1,(36),m3,90,1,2016nov09 11:15:47.733,44255,118,-65,1,248.62282,,,0,0,.036973044
1,(36),m3,90,3,2016nov09 18:12:58.867,44267,93,-2,-1,564.61237,,,-2.2469623,-.89009058,.88898844
1,(36),m3,90,2,2016nov09 18:12:58.867,44267,93,-2,-1,315.04861,,,0,0,.073291644
1,(36),m3,90,1,2016nov09 18:12:58.867,44267,93,-2,-1,248.62282,,,0,0,.037719928
1,(36),m3,90,2,2016nov09 18:13:27.353,44268,93,-2,1,315.04861,,,0,0,.071840368
1,(36),m3,90,1,2016nov09 18:13:27.353,44268,93,-2,1,291.51242,,,42.889606,.046631344,.056774344
1,(36),m3,90,3,2016nov09 18:13:27.353,44268,93,-2,1,564.61237,,,0,0,.87138528
1,(36),m3,90,2,2016nov09 18:14:08.490,44269,93,-1,-1,315.04861,,,0,0,.072562374
1,(36),m3,90,1,2016nov09 18:14:08.490,44269,93,-1,-1,272.24393,,,-19.268486,-.051898215,.047294766
1,(36),m3,90,3,2016nov09 18:14:08.490,44269,93,-1,-1,564.61237,,,0,0,.88014287
1,(36),m3,90,1,2016nov09 18:24:36.627,44287,163,-5,1,345.67645,,,73.432533,.068089709,.093758732
1,(36),m3,90,3,2016nov09 18:24:36.627,44287,163,-5,1,564.61237,,,0,0,.83721781
1,(36),m3,90,2,2016nov09 18:24:36.627,44287,163,-5,1,315.04861,,,0,0,.069023468
1,(36),m3,90,1,2016nov09 22:53:54.370,44302,80,-5,1,345.67645,,,0,0,.089186065
1,(36),m3,90,2,2016nov09 22:53:54.370,44302,80,-5,1,370.5983,,,55.549683,.090009518,.11442771
1,(36),m3,90,3,2016nov09 22:53:54.370,44302,80,-5,1,564.61237,,,0,0,.79638618
1,(36),m3,90,1,2016nov09 22:54:03.967,44303,80,-5,1,391.09424,,,45.41777,.11008907,.133607
1,(36),m3,90,2,2016nov09 22:54:03.967,44303,80,-5,1,370.5983,,,0,0,.10884701
1,(36),m3,90,3,2016nov09 22:54:03.967,44303,80,-5,1,564.61237,,,0,0,.75754601
1,(36),m3,90,1,2016nov09 23:57:13.127,44316,143,-10,1,391.09424,,,0,0,.12089264
1,(36),m3,90,2,2016nov09 23:57:13.127,44316,143,-10,1,370.5983,,,0,0,.098488867
1,(36),m3,90,3,2016nov09 23:57:13.127,44316,143,-10,1,577.61261,,,13.000242,.76921642,.78061849
1,(36),m3,90,2,2016nov09 23:57:46.293,44317,143,-2,1,389.25562,,,18.657328,.10719649,.11633999
1,(36),m3,90,1,2016nov09 23:57:46.293,44317,143,-2,1,391.09424,,,0,0,.11849881
1,(36),m3,90,3,2016nov09 23:57:46.293,44317,143,-2,1,577.61261,,,0,0,.76516122
1,(36),m3,90,3,2016nov10 14:06:35.783,44335,160,-5,1,584.09839,,,6.4857483,.77092105,.77661449
1,(36),m3,90,2,2016nov10 14:06:35.783,44335,160,-5,1,389.25562,,,0,0,.11066597
1,(36),m3,90,1,2016nov10 14:06:35.783,44335,160,-5,1,391.09424,,,0,0,.11271951
1,(36),m3,90,3,2016nov10 21:03:45.517,44367,89,-2,1,586.66632,,,2.5679505,.77883124,.78103781
1,(36),m3,90,1,2016nov10 21:03:45.517,44367,89,-2,1,391.09424,,,0,0,.11048755
1,(36),m3,90,2,2016nov10 21:03:45.517,44367,89,-2,1,389.25562,,,0,0,.10847468
1,(36),m3,90,1,2016nov10 22:21:33.047,44399,96,-10,1,391.09424,,,0,0,.099973276
1,(36),m3,90,2,2016nov10 22:21:33.047,44399,96,-10,1,389.25562,,,0,0,.098151945
1,(36),m3,90,3,2016nov10 22:21:33.047,44399,96,-10,1,599.29919,,,12.632895,.79158419,.80187482
1,(36),m3,90,2,2016nov10 22:30:27.687,44412,134,-1,1,389.25562,,,0,0,.097175315
1,(36),m3,90,3,2016nov10 22:30:27.687,44412,134,-1,1,599.29919,,,0,0,.79389596
1,(36),m3,90,1,2016nov10 22:30:27.687,44412,134,-1,1,400.67331,,,9.5790606,.10439437,.10892869
1,(36),m3,90,1,2016nov11 00:06:31.097,44427,126,-40,-1,400.67331,,,0,0,.16250257
1,(36),m3,90,2,2016nov11 00:06:31.097,44427,126,-40,-1,389.25562,,,0,0,.14496858
1,(36),m3,90,3,2016nov11 00:06:31.097,44427,126,-40,-1,545.63892,,,-53.660248,-.74543077,.69252884
1,(36),m3,90,3,2016nov11 00:53:16.773,44436,162,-10,1,559.77716,,,14.138247,.70730126,.72178864
1,(36),m3,90,1,2016nov11 00:53:16.773,44436,162,-10,1,400.67331,,,0,0,.14703839
1,(36),m3,90,2,2016nov11 00:53:16.773,44436,162,-10,1,389.25562,,,0,0,.13117297
1,(36),m3,90,1,2016nov11 01:30:40.007,44442,73,-1,-1,393.66641,,,-7.0069013,-.14271644,.138466
1,(36),m3,90,3,2016nov11 01:30:40.007,44442,73,-1,-1,559.77716,,,0,0,.72904277
1,(36),m3,90,2,2016nov11 01:30:40.007,44442,73,-1,-1,389.25562,,,0,0,.13249129
1,(36),m3,90,2,2016nov11 03:50:25.663,44465,76,-2,1,389.25562,,,0,0,.12986779
1,(36),m3,90,3,2016nov11 03:50:25.663,44465,76,-2,1,562.51038,,,2.7332408,.73173207,.73440802
1,(36),m3,90,1,2016nov11 03:50:25.663,44465,76,-2,1,393.66641,,,0,0,.1357242
1,(36),m3,90,1,2016nov11 04:34:09.817,44488,145,-10,1,393.66641,,,0,0,.12280834
1,(36),m3,90,2,2016nov11 04:34:09.817,44488,145,-10,1,448.57895,,,59.32333,.16856775,.2126718
1,(36),m3,90,3,2016nov11 04:34:09.817,44488,145,-10,1,562.51038,,,0,0,.66451985
1,(36),m3,90,1,2016nov11 05:30:48.853,44495,93,-2,-1,376.08362,,,-17.582781,-.11374765,.10508788
1,(36),m3,90,2,2016nov11 05:30:48.853,44495,93,-2,-1,448.57895,,,0,0,.21696804
1,(36),m3,90,3,2016nov11 05:30:48.853,44495,93,-2,-1,562.51038,,,0,0,.67794406
1,(36),m3,90,2,2016nov11 08:41:09.037,44517,138,-10,1,488.10223,,,39.523293,.25301537,.29148343
1,(36),m3,90,1,2016nov11 08:41:09.037,44517,138,-10,1,376.08362,,,0,0,.095087439
1,(36),m3,90,3,2016nov11 08:41:09.037,44517,138,-10,1,562.51038,,,0,0,.61342913
1,(36),m3,90,3,2016nov11 13:33:48.287,44531,148,-5,1,562.51038,,,0,0,.58351183
1,(36),m3,90,2,2016nov11 13:33:48.287,44531,148,-5,1,488.10223,,,0,0,.27726763
1,(36),m3,90,1,2016nov11 13:33:48.287,44531,148,-5,1,419.20987,,,43.126247,.11593868,.13922055
1,(36),m3,90,2,2016nov11 17:46:37.557,44549,142,-18,-1,397.93286,,,-90.169365,-.19962434,.13473223
1,(36),m3,90,3,2016nov11 17:46:37.557,44549,142,-18,-1,562.51038,,,0,0,.69859046
1,(36),m3,90,1,2016nov11 17:46:37.557,44549,142,-18,-1,419.20987,,,0,0,.16667727
1,(36),m3,90,3,2016nov11 17:46:55.963,44550,142,-18,1,562.51038,,,0,0,.58351183
1,(36),m3,90,1,2016nov11 17:46:55.963,44550,142,-18,1,497.29037,,,78.080498,.23053132,.30395037
1,(36),m3,90,2,2016nov11 17:46:55.963,44550,142,-18,1,397.93286,,,0,0,.11253782
1,(36),m3,90,2,2016nov11 17:47:13.763,44551,142,-18,-1,397.93286,,,0,0,.13473223
1,(36),m3,90,3,2016nov11 17:47:13.763,44551,142,-18,-1,562.51038,,,0,0,.69859046
1,(36),m3,90,1,2016nov11 17:47:13.763,44551,142,-18,-1,419.2099,,,-78.080482,-.23053136,.16667733
1,(36),m3,90,3,2016nov11 17:47:46.320,44552,142,-10,1,576.53418,,,14.023782,.71307445,.72727334
1,(36),m3,90,2,2016nov11 17:47:46.320,44552,142,-10,1,397.93286,,,0,0,.12191076
1,(36),m3,90,1,2016nov11 17:47:46.320,44552,142,-10,1,419.2099,,,0,0,.15081587
1,(36),m3,90,3,2016nov11 22:41:57.797,44567,111,-3,1,576.53418,,,0,0,.70577919
1,(36),m3,90,2,2016nov11 22:41:57.797,44567,111,-3,1,397.93286,,,0,0,.11830775
1,(36),m3,90,1,2016nov11 22:41:57.797,44567,111,-3,1,437.60291,,,18.393013,.16310541,.17591302
1,(36),m3,90,1,2016nov11 22:42:07.283,44568,111,-2,1,437.60291,,,0,0,.17242971
1,(36),m3,90,2,2016nov11 22:42:07.283,44568,111,-2,1,413.69751,,,15.764663,.12686601,.13576643
1,(36),m3,90,3,2016nov11 22:42:07.283,44568,111,-2,1,576.53418,,,0,0,.69180381
1,(36),m3,90,3,2016nov11 22:49:06.190,44585,111,-2,1,576.53418,,,0,0,.67810518
1,(36),m3,90,1,2016nov11 22:49:06.190,44585,111,-2,1,448.68161,,,11.078705,.18052651,.18881668
1,(36),m3,90,2,2016nov11 22:49:06.190,44585,111,-2,1,413.69751,,,0,0,.13307807
1,(36),m3,90,3,2016nov11 22:49:17.267,44586,111,-3,1,576.53418,,,0,0,.65806425
1,(36),m3,90,2,2016nov11 22:49:17.267,44586,111,-3,1,434.30515,,,20.607635,.1455771,.15869945
1,(36),m3,90,1,2016nov11 22:49:17.267,44586,111,-3,1,448.68161,,,0,0,.18323632
1,(36),m3,90,1,2016nov12 03:51:10.577,44595,90,-3,1,448.68161,,,0,0,.17782089
1,(36),m3,90,3,2016nov12 03:51:10.577,44595,90,-3,1,581.05817,,,4.5240016,.66312975,.66816992
1,(36),m3,90,2,2016nov12 03:51:10.577,44595,90,-3,1,434.30515,,,0,0,.15400919
1,(36),m3,90,2,2016nov12 05:49:21.183,44637,64,-10,1,434.30515,,,0,0,.13935329
1,(36),m3,90,3,2016nov12 05:49:21.183,44637,64,-10,1,595.6759,,,14.617746,.68409997,.69974774
1,(36),m3,90,1,2016nov12 05:49:21.183,44637,64,-10,1,448.68161,,,0,0,.160899
1,(36),m3,90,1,2016nov12 05:49:28.313,44638,64,-5,1,448.68161,,,0,0,.15305187
1,(36),m3,90,3,2016nov12 05:49:28.313,44638,64,-5,1,595.6759,,,0,0,.66562068
1,(36),m3,90,2,2016nov12 05:49:28.313,44638,64,-5,1,465.6344,,,31.329258,.15959522,.18132752
1,(36),m3,90,3,2016nov13 09:33:40.333,44661,99,-4,1,595.6759,,,0,0,.6395213
1,(36),m3,90,2,2016nov13 09:33:40.333,44661,99,-4,1,485.93393,,,20.299526,.19704893,.21342812
1,(36),m3,90,1,2016nov13 09:33:40.333,44661,99,-4,1,448.68161,,,0,0,.14705062
1,(36),m3,90,2,2016nov13 09:37:27.453,44668,99,-1,1,490.53534,,,4.6014142,.2173245,.22125468
1,(36),m3,90,1,2016nov13 09:37:27.453,44668,99,-1,1,448.68161,,,0,0,.14558743
1,(36),m3,90,3,2016nov13 09:37:27.453,44668,99,-1,1,595.6759,,,0,0,.63315791
1,(36),m3,90,2,2016nov13 09:38:01.977,44669,99,-4,1,490.53534,,,0,0,.21257909
1,(36),m3,90,3,2016nov13 09:38:01.977,44669,99,-4,1,601.9223,,,6.2463856,.64037031,.64754206
1,(36),m3,90,1,2016nov13 09:38:01.977,44669,99,-4,1,448.68161,,,0,0,.13987882
1,(36),m3,90,2,2016nov13 13:58:40.547,44672,160,-1,1,490.53534,,,0,0,.21046396
1,(36),m3,90,1,2016nov13 13:58:40.547,44672,160,-1,1,448.68161,,,0,0,.13848704
1,(36),m3,90,3,2016nov13 13:58:40.547,44672,160,-1,1,603.4624,,,1.5401243,.64929825,.65104902
1,(36),m3,90,1,2016nov14 17:15:29.003,44691,142,-1,-1,448.68161,,,0,0,.13987885
1,(36),m3,90,3,2016nov14 17:15:29.003,44691,142,-1,-1,603.4624,,,0,0,.65759218
1,(36),m3,90,2,2016nov14 17:15:29.003,44691,142,-1,-1,485.6922,,,-4.8431363,-.20647778,.20252898
1,(36),m3,90,3,2016nov14 19:31:03.300,44708,79,-20,1,632.48181,,,29.019423,.68919361,.71966016
1,(36),m3,90,1,2016nov14 19:31:03.300,44708,79,-20,1,448.68161,,,0,0,.11452314
1,(36),m3,90,2,2016nov14 19:31:03.300,44708,79,-20,1,485.6922,,,0,0,.16581672
1,(36),m3,90,2,2016nov15 05:01:29.880,44761,114,-10,1,485.6922,,,0,0,.15003714
1,(36),m3,90,3,2016nov15 05:01:29.880,44761,114,-10,1,646.12177,,,13.639955,.73314029,.74633807
1,(36),m3,90,1,2016nov15 05:01:29.880,44761,114,-10,1,448.68161,,,0,0,.1036248
1,(36),m3,90,2,2016nov15 13:25:16.390,44784,62,-19.879999,1,485.6922,,,0,0,.12298753
1,(36),m3,90,1,2016nov15 13:25:16.390,44784,62,-19.879999,1,448.68161,,,0,0,.084942691
1,(36),m3,90,3,2016nov15 13:25:16.390,44784,62,-19.879999,1,671.94885,,,25.827084,.76973456,.79206973
1,(36),m3,90,3,2016nov15 13:43:51.853,44787,101,-30,1,708.53131,,,36.582443,.8200655,.84596157
1,(36),m3,90,2,2016nov15 13:43:51.853,44787,101,-30,1,485.6922,,,0,0,.091111384
1,(36),m3,90,1,2016nov15 13:43:51.853,44787,101,-30,1,448.68161,,,0,0,.062927075
1,(36),m3,90,3,2016nov15 13:47:17.787,44796,105,-10,1,708.53131,,,0,0,.76545769
1,(36),m3,90,1,2016nov15 13:47:17.787,44796,105,-10,1,546.93866,,,98.257057,.10177386,.15210137
1,(36),m3,90,2,2016nov15 13:47:17.787,44796,105,-10,1,485.6922,,,0,0,.082440987
1,(36),m3,90,1,2016nov15 18:13:31.657,44836,70,-9,1,546.93866,,,0,0,.13901021
1,(36),m3,90,3,2016nov15 18:13:31.657,44836,70,-9,1,720.13434,,,11.603045,.77565849,.78564441
1,(36),m3,90,2,2016nov15 18:13:31.657,44836,70,-9,1,485.6922,,,0,0,.075345397
1,(36),m3,90,1,2016nov15 22:47:39.623,44846,95,-5,1,546.93866,,,0,0,.13223059
1,(36),m3,90,2,2016nov15 22:47:39.623,44846,95,-5,1,537.60022,,,51.90799,.096324287,.12044136
1,(36),m3,90,3,2016nov15 22:47:39.623,44846,95,-5,1,720.13434,,,0,0,.74732804
1,(36),m3,90,1,2016nov15 22:47:48.033,44847,95,-5,1,546.93866,,,0,0,.12578164
1,(36),m3,90,2,2016nov15 22:47:48.033,44847,95,-5,1,537.60022,,,0,0,.11456738
1,(36),m3,90,3,2016nov15 22:47:48.033,44847,95,-5,1,726.76984,,,6.6354899,.75352389,.75965095
1,(36),m3,90,2,2016nov15 23:59:24.337,44880,147,-20,1,537.60022,,,0,0,.093799822
1,(36),m3,90,1,2016nov15 23:59:24.337,44880,147,-20,1,546.93866,,,0,0,.10298128
1,(36),m3,90,3,2016nov15 23:59:24.337,44880,147,-20,1,752.34668,,,25.576813,.78195828,.80321884
1,(36),m3,90,2,2016nov16 01:01:59.787,44885,161,-20,1,537.60022,,,0,0,.076796792
1,(36),m3,90,1,2016nov16 01:01:59.787,44885,161,-20,1,546.93866,,,0,0,.084313937
1,(36),m3,90,3,2016nov16 01:01:59.787,44885,161,-20,1,776.69183,,,24.345148,.82151896,.8388893
1,(36),m3,90,2,2016nov16 23:37:22.483,44910,157,-2,1,537.60022,,,0,0,.075276107
1,(36),m3,90,3,2016nov16 23:37:22.483,44910,157,-2,1,776.69183,,,0,0,.82227808
1,(36),m3,90,1,2016nov16 23:37:22.483,44910,157,-2,1,568.4173,,,21.478611,.093115889,.10244577
1,(36),m3,90,3,2016nov16 23:37:33.763,44911,157,-1,1,776.69183,,,0,0,.81409627
1,(36),m3,90,2,2016nov16 23:37:33.763,44911,157,-1,1,550.1322,,,12.531964,.079795949,.084477246
1,(36),m3,90,1,2016nov16 23:37:33.763,44911,157,-1,1,568.4173,,,0,0,.10142642
1,(36),m3,90,2,2016nov17 04:04:50.530,44943,127,-10,1,550.1322,,,0,0,.076438151
1,(36),m3,90,1,2016nov17 04:04:50.530,44943,127,-10,1,568.4173,,,0,0,.091774389
1,(36),m3,90,3,2016nov17 04:04:50.530,44943,127,-10,1,788.84167,,,12.149821,.82305735,.83178747
1,(36),m3,90,1,2016nov17 15:13:30.960,44977,97,-1,1,578.80908,,,10.3918,.096229717,.10081135
1,(36),m3,90,3,2016nov17 15:13:30.960,44977,97,-1,1,788.84167,,,0,0,.82351112
1,(36),m3,90,2,2016nov17 15:13:30.960,44977,97,-1,1,550.1322,,,0,0,.075677589
1,(36),m3,90,2,2016nov17 21:50:24.690,45002,159,-10,1,550.1322,,,0,0,.068475924
1,(36),m3,90,3,2016nov17 21:50:24.690,45002,159,-10,1,800.8606,,,12.018944,.83201987,.84030622
1,(36),m3,90,1,2016nov17 21:50:24.690,45002,159,-10,1,578.80908,,,0,0,.091217898
1,(36),m3,90,1,2016nov17 22:40:54.197,45008,62,-21.23,-1,578.80908,,,0,0,.11279266
1,(36),m3,90,2,2016nov17 22:40:54.197,45008,62,-21.23,-1,550.1322,,,0,0,.084671773
1,(36),m3,90,3,2016nov17 22:40:54.197,45008,62,-21.23,-1,775.03156,,,-25.829012,-.82194394,.80253559
1,(36),m3,90,3,2016nov18 16:57:36.977,45037,89,-1.5,-1,773.159,,,-1.8725524,-.80104566,.79955119
1,(36),m3,90,1,2016nov18 16:57:36.977,45037,89,-1.5,-1,578.80908,,,0,0,.11449733
1,(36),m3,90,2,2016nov18 16:57:36.977,45037,89,-1.5,-1,550.1322,,,0,0,.085951447
1,(36),m3,90,2,2016nov18 16:57:44.090,45038,89,-1.5,1,566.32983,,,16.197651,.092606023,.099559851
1,(36),m3,90,1,2016nov18 16:57:44.090,45038,89,-1.5,1,578.80908,,,0,0,.11279269
1,(36),m3,90,3,2016nov18 16:57:44.090,45038,89,-1.5,1,773.159,,,0,0,.78764749
1,(36),m3,90,3,2016nov18 20:29:04.113,45041,71,-1,1,774.42688,,,1.2678967,.78870779,.78976041
1,(36),m3,90,2,2016nov18 20:29:04.113,45041,71,-1,1,566.32983,,,0,0,.098569207
1,(36),m3,90,1,2016nov18 20:29:04.113,45041,71,-1,1,578.80908,,,0,0,.11167037
1,(36),m3,90,2,2016nov18 20:29:24.113,45042,71,-1,-1,566.32983,,,0,0,.099559851
1,(36),m3,90,3,2016nov18 20:29:24.113,45042,71,-1,-1,773.159,,,-1.2679032,-.78870374,.78764749
1,(36),m3,90,1,2016nov18 20:29:24.113,45042,71,-1,-1,578.80908,,,0,0,.11279269
1,(36),m3,90,2,2016nov18 21:43:44.187,45045,164,-5,1,566.32983,,,0,0,.094704211
1,(36),m3,90,1,2016nov18 21:43:44.187,45045,164,-5,1,578.80908,,,0,0,.10729167
1,(36),m3,90,3,2016nov18 21:43:44.187,45045,164,-5,1,779.46533,,,6.3063054,.79285723,.79800409
1,(36),m3,90,1,2016nov18 23:00:48.450,45051,144,-1,1,587.76312,,,8.9540329,.11168152,.11617429
1,(36),m3,90,3,2016nov18 23:00:48.450,45051,144,-1,1,779.46533,,,0,0,.79006386
1,(36),m3,90,2,2016nov18 23:00:48.450,45051,144,-1,1,566.32983,,,0,0,.093761891
1,(36),m3,90,3,2016nov18 23:00:54.707,45052,144,-1,-1,779.46533,,,0,0,.79800415
1,(36),m3,90,2,2016nov18 23:00:54.707,45052,144,-1,-1,566.32983,,,0,0,.094704218
1,(36),m3,90,1,2016nov18 23:00:54.707,45052,144,-1,-1,578.80908,,,-8.954031,-.11168154,.10729168
1,(36),m3,90,2,2016nov18 23:01:09.277,45053,144,-100,1,566.32983,,,0,0,.034839723
1,(36),m3,90,3,2016nov18 23:01:09.277,45053,144,-100,1,779.46533,,,0,0,.29356924
1,(36),m3,90,1,2016nov18 23:01:09.277,45053,144,-100,1,862.21893,,,283.40985,.35284588,.67159104
1,(36),m3,90,2,2016nov18 23:05:41.807,45054,153,-100,1,958.16931,,,391.83951,.25520653,.64493728
1,(36),m3,90,1,2016nov18 23:05:41.807,45054,153,-100,1,862.21893,,,0,0,.24706461
1,(36),m3,90,3,2016nov18 23:05:41.807,45054,153,-100,1,779.46533,,,0,0,.10799811
1,(36),m3,90,3,2016nov18 23:05:59.577,45055,71,-30,1,923.90967,,,144.44431,.2076925,.33918881
1,(36),m3,90,1,2016nov18 23:05:59.577,45055,71,-30,1,862.21893,,,0,0,.18302995
1,(36),m3,90,2,2016nov18 23:05:59.577,45055,71,-30,1,958.16931,,,0,0,.47778124
1,(36),m3,90,2,2016nov18 23:07:15.080,45085,144,-10,-1,958.16931,,,0,0,.52802992
1,(36),m3,90,3,2016nov18 23:07:15.080,45085,144,-10,-1,923.90967,,,0,0,.3748616
1,(36),m3,90,1,2016nov18 23:07:15.080,45085,144,-10,-1,788.83679,,,-73.382133,-.13627295,.097108446
1,(36),m3,90,1,2016nov18 23:07:51.693,45097,144,-8,-1,631.94489,,,-156.89191,-.050990522,.021909256
1,(36),m3,90,2,2016nov18 23:07:51.693,45097,144,-8,-1,958.16931,,,0,0,.57200795
1,(36),m3,90,3,2016nov18 23:07:51.693,45097,144,-8,-1,923.90967,,,0,0,.40608272
1,(36),m3,90,1,2016nov18 23:09:02.250,45102,144,-18,1,862.21893,,,230.27405,.078167729,.18302993
1,(36),m3,90,2,2016nov18 23:09:02.250,45102,144,-18,1,958.16931,,,0,0,.47778121
1,(36),m3,90,3,2016nov18 23:09:02.250,45102,144,-18,1,923.90967,,,0,0,.33918878
1,(36),m3,90,2,2016nov18 23:09:20.830,45103,71,-30,-1,958.16931,,,0,0,.64493722
1,(36),m3,90,3,2016nov18 23:09:20.830,45103,71,-30,-1,779.46539,,,-144.44426,-.20769258,.10799816
1,(36),m3,90,1,2016nov18 23:09:20.830,45103,71,-30,-1,862.21893,,,0,0,.24706459
1,(36),m3,90,2,2016nov18 23:12:26.080,45104,71,-10,1,958.16931,,,0,0,.58356327
1,(36),m3,90,1,2016nov18 23:12:26.080,45104,71,-10,1,862.21893,,,0,0,.22355327
1,(36),m3,90,3,2016nov18 23:12:26.080,45104,71,-10,1,847.46252,,,67.997147,.147065,.19288339
1,(36),m3,90,2,2016nov18 23:15:50.317,45105,153,-84.860001,-1,566.15643,,,-392.01288,-.21647248,.027048312
1,(36),m3,90,1,2016nov18 23:15:50.317,45105,153,-84.860001,-1,862.21893,,,0,0,.522304
1,(36),m3,90,3,2016nov18 23:15:50.317,45105,153,-84.860001,-1,847.46252,,,0,0,.45064768
1,(36),m3,90,1,2016nov18 23:16:20.067,45106,144,-67,-1,589.06696,,,-273.15198,-.24528469,.066468596
1,(36),m3,90,2,2016nov18 23:16:20.067,45106,144,-67,-1,566.15643,,,0,0,.052858822
1,(36),m3,90,3,2016nov18 23:16:20.067,45106,144,-67,-1,847.46252,,,0,0,.88067257
1,(36),m3,90,3,2016nov18 23:33:37.200,45116,164,-2,1,847.46252,,,0,0,.86323404
1,(36),m3,90,2,2016nov18 23:33:37.200,45116,164,-2,1,598.52228,,,32.36586,.061793506,.071613461
1,(36),m3,90,1,2016nov18 23:33:37.200,45116,164,-2,1,589.06696,,,0,0,.065152429
1,(36),m3,90,1,2016nov18 23:36:30.687,45124,164,-3,1,589.06696,,,0,0,.063226923
1,(36),m3,90,3,2016nov18 23:36:30.687,45124,164,-3,1,850.92969,,,3.467145,.86526525,.86727607
1,(36),m3,90,2,2016nov18 23:36:30.687,45124,164,-3,1,598.52228,,,0,0,.069497012
1,(36),m3,90,2,2016nov18 23:48:57.960,45133,71,-1,1,598.52228,,,0,0,.068805508
1,(36),m3,90,1,2016nov18 23:48:57.960,45133,71,-1,1,603.81873,,,14.75178,.06778843,.072547972
1,(36),m3,90,3,2016nov18 23:48:57.960,45133,71,-1,1,850.92969,,,0,0,.85864657
1,(36),m3,90,1,2016nov18 23:49:06.647,45134,71,-1,1,603.81873,,,0,0,.071826108
1,(36),m3,90,3,2016nov18 23:49:06.647,45134,71,-1,1,850.92969,,,0,0,.8501029
1,(36),m3,90,2,2016nov18 23:49:06.647,45134,71,-1,1,612.15582,,,13.633548,.073348477,.078071035
1,(36),m3,90,1,2016nov19 00:43:12.977,45154,81,-15,1,603.81873,,,0,0,.061821301
1,(36),m3,90,3,2016nov19 00:43:12.977,45154,81,-15,1,850.92969,,,0,0,.73169029
1,(36),m3,90,2,2016nov19 00:43:12.977,45154,81,-15,1,724.41833,,,112.26251,.13361539,.20648845
1,(36),m3,90,1,2016nov19 06:00:28.037,45181,135,-10,1,603.81873,,,0,0,.05593821
1,(36),m3,90,2,2016nov19 06:00:28.037,45181,135,-10,1,724.41833,,,0,0,.18683842
1,(36),m3,90,3,2016nov19 06:00:28.037,45181,135,-10,1,864.3598,,,13.430094,.74459642,.75722337
1,(36),m3,90,2,2016nov19 06:00:47.927,45182,135,-10,1,724.41833,,,0,0,.16905838
1,(36),m3,90,1,2016nov19 06:00:47.927,45182,135,-10,1,603.81873,,,0,0,.050614979
1,(36),m3,90,3,2016nov19 06:00:47.927,45182,135,-10,1,877.36523,,,13.005434,.76890934,.78032666
1,(36),m3,90,3,2016nov19 06:01:12.107,45183,135,-5,1,883.72888,,,6.3636274,.7857154,.79104036
1,(36),m3,90,1,2016nov19 06:01:12.107,45183,135,-5,1,603.81873,,,0,0,.048146438
1,(36),m3,90,2,2016nov19 06:01:12.107,45183,135,-5,1,724.41833,,,0,0,.16081324
1,(36),m3,90,1,2016nov20 09:25:55.900,45203,76,-1,1,622.77673,,,18.957987,.052748218,.057617567
1,(36),m3,90,2,2016nov20 09:25:55.900,45203,76,-1,1,724.41833,,,0,0,.15921311
1,(36),m3,90,3,2016nov20 09:25:55.900,45203,76,-1,1,883.72888,,,0,0,.78316933
1,(36),m3,90,3,2016nov20 09:26:09.520,45204,76,-2,1,883.72888,,,0,0,.76766157
1,(36),m3,90,1,2016nov20 09:26:09.520,45204,76,-2,1,622.77673,,,0,0,.056476668
1,(36),m3,90,2,2016nov20 09:26:09.520,45204,76,-2,1,736.36383,,,11.94548,.16742735,.17586181
1,(36),m3,90,3,2016nov20 09:26:19.737,45205,76,-3,1,887.61938,,,3.8905065,.77110779,.77452821
1,(36),m3,90,2,2016nov20 09:26:19.737,45205,76,-3,1,736.36383,,,0,0,.1706643
1,(36),m3,90,1,2016nov20 09:26:19.737,45205,76,-3,1,622.77673,,,0,0,.054807525
1,(36),m3,90,2,2016nov20 23:43:03.483,45229,152,-5,1,736.36383,,,0,0,.16234094
1,(36),m3,90,1,2016nov20 23:43:03.483,45229,152,-5,1,622.77673,,,0,0,.052134544
1,(36),m3,90,3,2016nov20 23:43:03.483,45229,152,-5,1,894.02917,,,6.40977,.78005922,.78552449
1,(36),m3,90,3,2016nov21 20:29:20.600,45262,154,-7,1,902.85822,,,8.8290529,.79283702,.80002451
1,(36),m3,90,2,2016nov21 20:29:20.600,45262,154,-7,1,736.36383,,,0,0,.15136561
1,(36),m3,90,1,2016nov21 20:29:20.600,45262,154,-7,1,622.77673,,,0,0,.048609901
1,(36),m3,90,3,2016nov21 23:36:21.823,45302,128,-20,1,902.85822,,,0,0,.65500468
1,(36),m3,90,1,2016nov21 23:36:21.823,45302,128,-20,1,794.24091,,,171.46416,.11664245,.22106768
1,(36),m3,90,2,2016nov21 23:36:21.823,45302,128,-20,1,736.36383,,,0,0,.12392769
1,(36),m3,90,2,2016nov22 00:43:27.510,45308,115,-25,1,736.36383,,,0,0,.096515015
1,(36),m3,90,1,2016nov22 00:43:27.510,45308,115,-25,1,794.24091,,,0,0,.17216773
1,(36),m3,90,3,2016nov22 00:43:27.510,45308,115,-25,1,938.87872,,,36.020519,.69404882,.73131728
1,(36),m3,90,1,2016nov22 02:59:19.400,45311,63,-15,1,794.24091,,,0,0,.14818609
1,(36),m3,90,2,2016nov22 02:59:19.400,45311,63,-15,1,736.36383,,,0,0,.083071209
1,(36),m3,90,3,2016nov22 02:59:19.400,45311,63,-15,1,958.86963,,,19.990885,.75034195,.76874268
2,(37),m2,64,1,2016nov08 03:02:14.042,52411,741,10,-1,-19.090282,0,-19.090282,-19.090282,-.52382672,.45241871
2,(37),m2,64,1,2016nov08 03:07:41.642,52442,838,9,-1,-34.959942,0,-34.959942,-15.869659,-.5671199,.41347957
2,(37),m2,64,1,2016nov08 03:08:37.802,52453,809,25,1,17.330215,52.290157,-34.959942,52.290157,.47810146,.54321742
2,(37),m2,64,1,2016nov08 03:08:38.676,52454,790,2,1,20.981567,55.941509,-34.959942,3.651351,.54774249,.55226231
2,(37),m2,64,1,2016nov08 03:09:11.826,52462,790,1,1,22.785025,57.744965,-34.959942,1.8034577,.55449039,.5567174
2,(37),m2,64,1,2016nov08 03:17:13.679,52509,757,2,-1,18.3286,57.744965,-39.416367,-4.4564247,-.44879025,.54569364
2,(37),m2,64,1,2016nov08 03:17:22.618,52510,741,5,-1,7.6356506,57.744965,-50.109314,-10.692949,-.46759784,.51907986
2,(37),m2,64,1,2016nov08 03:20:20.208,52530,790,1,1,9.5532961,59.662613,-50.109314,1.9176457,.52147275,.5238651
2,(37),m2,64,1,2016nov08 05:12:28.909,52631,748,3,1,15.204023,65.313339,-50.109314,5.6507268,.53090519,.53793699
2,(37),m2,64,1,2016nov08 06:25:13.368,52650,725,12,-1,-9.1634769,65.313339,-74.476814,-24.3675,-.49245921,.47710732
2,(37),m2,64,1,2016nov08 10:04:11.818,52691,836,15,1,20.043678,94.520493,-74.476814,29.207155,.51357281,.54994214
2,(37),m2,64,1,2016nov08 11:08:45.532,52712,790,-1.99,-1,16.395126,90.87204,-74.476814,-3.6485529,-.54542172,.54089624
2,(37),m2,64,1,2016nov08 11:09:13.908,52715,790,-.5,-1,15.468764,89.946037,-74.476814,-.9263621,-.53974575,.53859496
2,(37),m2,64,1,2016nov08 11:10:52.734,52719,790,-1.5,-1,12.6656,87.148041,-74.476814,-2.8031645,-.53510952,.53162175
2,(37),m2,64,1,2016nov08 16:17:41.375,52788,807,20,-1,-26.044197,87.148041,-113.18661,-38.709797,-.5166651,.43525508
2,(37),m2,64,1,2016nov08 19:37:23.516,52847,839,2,-1,-29.558777,87.148041,-116.70119,-3.5145807,-.56905794,.42663643
2,(37),m2,64,1,2016nov08 21:05:31.994,52898,766,4,-1,-36.434658,87.148041,-123.57708,-6.8758826,-.58174348,.40990779
2,(37),m2,64,1,2016nov08 21:14:21.973,52913,838,3,-1,-41.466873,87.148041,-128.60928,-5.0322132,-.59615916,.39779317
2,(37),m2,64,1,2016nov08 23:09:49.356,52936,830,25,1,12.416267,141.03117,-128.60928,53.883141,.46396703,.53100085
2,(37),m2,64,1,2016nov08 23:29:31.118,52955,761,6,-1,.031107903,141.03117,-140.99445,-12.385159,-.48445076,.50007778
2,(37),m2,64,1,2016nov09 02:21:56.941,52998,845,10,1,19.118687,160.11876,-140.99445,19.08758,.52390087,.54765165
2,(37),m2,64,1,2016nov09 07:32:37.537,53028,769,15,-1,-11.465284,160.11876,-171.57841,-30.583971,-.49045298,.47136813
2,(37),m2,64,1,2016nov09 07:37:37.883,53035,769,15,-1,-38.172745,160.11876,-198.28589,-26.707462,-.5616408,.40571031
2,(37),m2,64,1,2016nov09 07:37:50.410,53036,769,-30,1,19.118687,160.11876,-140.99445,57.291431,.52363849,.54765165
2,(37),m2,64,1,2016nov09 07:40:26.192,53044,769,15,-1,-11.465284,160.11876,-171.57841,-30.583971,-.49045298,.47136813
2,(37),m2,64,1,2016nov09 17:40:03.143,53078,838,7,-1,-24.31885,160.11876,-184.43199,-12.853565,-.54459596,.43950075
2,(37),m2,64,1,2016nov10 02:04:43.195,53119,845,-3,-1,-31.280178,153.15718,-184.43199,-6.961329,-.43095219,.42243099
2,(37),m2,64,1,2016nov10 02:05:01.587,53120,845,.055753231,-1,-43.498035,141.03117,-184.52399,-12.217857,-.40923706,.39293769
2,(37),m2,64,1,2016nov10 20:49:36.063,53159,810,5,1,-31.233673,153.29555,-184.52399,12.264363,.40768525,.42254448
2,(37),m2,64,1,2016nov10 22:07:19.200,53219,820,10,1,-9.0074329,175.52179,-184.52399,22.22624,.44991866,.47749662
2,(37),m2,64,1,2016nov10 23:18:56.640,53313,724,2,-1,-12.800825,175.52179,-188.31738,-3.7933927,-.52723253,.46804157
2,(37),m2,64,1,2016nov10 23:23:27.082,53328,724,2,-1,-16.528034,175.52179,-192.04459,-3.7272091,-.53659451,.45877373
2,(37),m2,64,1,2016nov10 23:34:34.809,53348,810,3,1,-10.100829,181.94899,-192.04459,6.4272051,.46676588,.47476938
2,(37),m2,64,1,2016nov11 00:47:47.628,53353,781,20,-1,-45.274513,181.94899,-227.21828,-35.173683,-.56860691,.38870829
2,(37),m2,64,1,2016nov11 00:53:06.414,53362,810,6,1,-30.511671,196.71184,-227.21828,14.762842,.4064258,.42430714
2,(37),m2,64,1,2016nov11 01:25:31.391,53371,810,6,1,-16.907005,210.3165,-227.21828,13.604665,.4410252,.45783287
2,(37),m2,64,1,2016nov11 01:26:43.073,53372,810,2,1,-12.589195,214.63431,-227.21828,4.3178096,.46319783,.4685685
2,(37),m2,64,1,2016nov11 02:27:55.734,53381,810,8,1,3.7712097,230.99471,-227.21828,16.360405,.48898545,.50942689
2,(37),m2,64,1,2016nov11 02:30:33.388,53383,810,5,1,13.360816,240.58432,-227.21828,9.5896063,.52139783,.53335243
2,(37),m2,64,1,2016nov11 20:12:44.396,53563,810,5,1,22.539383,249.76288,-227.21828,9.1785669,.54474735,.5561111
2,(37),m2,64,1,2016nov11 20:53:44.594,53571,794,10,1,39.860615,267.08411,-227.21828,17.321232,.57732612,.59835273
2,(37),m2,64,1,2016nov13 18:36:09.538,53621,779,30,1,85.900337,313.12384,-227.21828,46.039722,.65161121,.70245236
2,(37),m2,64,1,2016nov14 23:52:16.479,53673,794,1,1,87.320923,314.54443,-227.21828,1.4205867,.70393449,.70541304
2,(37),m2,64,1,2016nov15 00:35:32.460,53683,726,7,-1,65.316238,314.54443,-249.22295,-22.004681,-.31811413,.65772271
2,(37),m2,64,1,2016nov15 01:05:59.469,53689,794,1,1,66.832703,316.06088,-249.22295,1.5164658,.659428,.66112846
2,(37),m2,64,1,2016nov15 01:26:51.120,53700,738,15,1,88.728973,337.95715,-249.22295,21.896273,.6850481,.70833057
2,(37),m2,64,1,2016nov15 07:21:43.741,53735,846,3,1,92.938599,342.16678,-249.22295,4.2096224,.71265298,.71695071
2,(37),m2,64,1,2016nov15 08:23:24.295,53743,799,2,1,95.717308,344.9455,-249.22295,2.7787061,.71975946,.72255546
2,(37),m2,64,1,2016nov15 19:07:59.841,53825,810,-7,-1,85.893677,335.12204,-249.22295,-9.8236351,-.71256721,.70243847
2,(37),m2,64,1,2016nov15 23:59:05.692,53880,842,4,1,91.541039,340.76938,-249.22295,5.6473651,.70829493,.71410602
2,(37),m2,64,1,2016nov16 00:01:29.602,53881,842,-3,-1,87.314293,336.54303,-249.22295,-4.2267466,-.70976579,.70539927
2,(37),m2,64,1,2016nov16 00:01:49.477,53882,842,3,1,91.541046,340.76978,-249.22295,4.2267509,.70976502,.71410602
2,(37),m2,64,1,2016nov16 00:20:48.963,53932,769,-5,1,110.24508,340.76978,-230.51898,18.704035,.267322,.75071901
2,(37),m2,64,1,2016nov16 00:21:52.299,53937,842,6,1,118.16037,348.68506,-230.51898,7.9152913,.75802642,.76523602
2,(37),m2,64,1,2016nov16 00:24:48.283,53946,769,3,-1,105.96303,348.68506,-242.71632,-12.197343,-.24595521,.74261987
2,(37),m2,64,1,2016nov16 00:34:09.664,53958,840,3,-1,94.779816,348.68506,-253.89954,-11.183214,-.2682592,.72067213
2,(37),m2,64,1,2016nov16 00:40:40.460,53967,840,2,-1,87.797241,348.68506,-260.88211,-6.9825716,-.28642744,.70640188
2,(37),m2,64,1,2016nov16 00:48:35.496,53977,845,12.862998,1,105.64268,366.43808,-260.7901,17.845448,.72231311,.74200714
2,(37),m2,64,1,2016nov16 00:48:50.659,53978,845,.050000001,1,105.71007,366.50546,-260.7901,.067382284,.74203479,.74213606
2,(37),m2,64,1,2016nov16 04:30:38.644,54010,740,10,-1,71.503387,366.50546,-294.9968,-34.206684,-.29234052,.67151248
2,(37),m2,64,1,2016nov16 07:59:15.493,54025,776,4,-1,59.792801,366.50546,-306.70737,-11.710585,-.34157133,.64518213
2,(37),m2,64,1,2016nov16 17:57:22.972,54027,794,1,1,61.338516,368.05118,-306.70737,1.5457155,.64694959,.64871264
2,(37),m2,64,1,2016nov16 19:52:32.103,54035,842,1,1,62.875885,369.58853,-306.70737,1.5373675,.65046257,.65220797
2,(37),m2,64,1,2016nov16 23:03:26.278,54047,743,4,1,68.945244,375.6579,-306.70737,6.069356,.6590485,.6658451
2,(37),m2,64,1,2016nov17 03:54:10.726,54063,835,2,-1,63.075432,375.6579,-312.57718,-5.8698106,-.34072649,.65266049
2,(37),m2,64,1,2016nov18 06:08:07.571,54131,794,1,1,64.603569,377.18604,-312.57718,1.5281384,.65439099,.65611655
2,(37),m2,64,1,2016nov19 00:22:28.159,54212,750,5,1,72.127602,384.71005,-312.57718,7.5240355,.66453701,.67288792
2,(37),m2,64,1,2016nov19 02:50:59.238,54248,828,10,-1,44.24984,384.71005,-340.45496,-27.87776,-.35870889,.60885417
2,(37),m2,64,1,2016nov19 06:12:07.413,54307,800,3,1,49.130703,389.59094,-340.45496,4.8808646,.61464518,.62041426
2,(37),m2,64,1,2016nov20 05:40:23.930,54334,794,1,1,50.737633,391.19788,-340.45496,1.6069307,.62230438,.62419122
2,(37),m2,64,1,2016nov21 03:52:06.128,54359,848,6,1,60.183765,400.64398,-340.45496,9.4461327,.63518059,.64607662
2,(37),m2,64,1,2016nov21 22:34:43.607,54467,842,3.98,1,66.278687,406.73892,-340.45496,6.0949178,.6530031,.65988612
2,(37),m2,64,1,2016nov21 22:36:16.240,54475,838,-1,1,69.247871,406.73892,-337.4855,2.9691846,.3367928,.66651809
2,(37),m2,64,1,2016nov21 22:55:36.397,54493,816,6,1,78.119949,415.61099,-337.4855,8.8720789,.67627895,.6859386
2,(37),m2,64,1,2016nov22 02:34:32.611,54579,753,3.3900001,-1,67.702774,415.61099,-347.90268,-10.417179,-.32542402,.66307503
2,(37),m3,91,3,2016nov08 03:07:45.637,43595,93,-7,1,0,,,0,0,.23309845
2,(37),m3,91,2,2016nov08 03:07:45.637,43595,93,-7,1,0,,,0,0,.23309845
2,(37),m3,91,1,2016nov08 03:07:45.637,43595,93,-7,1,82.856621,,,13.541899,.51691425,.53380311
2,(37),m3,91,3,2016nov08 03:12:57.217,43596,93,-7,-1,0,,,0,0,.24999997
2,(37),m3,91,2,2016nov08 03:12:57.217,43596,93,-7,-1,0,,,0,0,.24999997
2,(37),m3,91,1,2016nov08 03:12:57.217,43596,93,-7,-1,69.314735,,,-13.541886,-.51691467,.50000006
2,(37),m3,91,3,2016nov08 03:23:09.187,43599,88,-10,1,35.113827,,,35.113827,.2847881,.32137191
2,(37),m3,91,1,2016nov08 03:23:09.187,43599,88,-10,1,69.314735,,,0,0,.45241871
2,(37),m3,91,2,2016nov08 03:23:09.187,43599,88,-10,1,0,,,0,0,.22620933
2,(37),m3,91,3,2016nov08 03:27:46.713,43601,88,-10,1,63.425209,,,28.31138,.35321486,.38595191
2,(37),m3,91,1,2016nov08 03:27:46.713,43601,88,-10,1,69.314735,,,0,0,.40936536
2,(37),m3,91,2,2016nov08 03:27:46.713,43601,88,-10,1,0,,,0,0,.20468265
2,(37),m3,91,3,2016nov08 04:14:54.023,43621,67,-4,1,63.425209,,,0,0,.37081856
2,(37),m3,91,1,2016nov08 04:14:54.023,43621,67,-4,1,78.817825,,,9.503089,.42091578,.43252453
2,(37),m3,91,2,2016nov08 04:14:54.023,43621,67,-4,1,0,,,0,0,.19665694
2,(37),m3,91,3,2016nov08 04:40:03.153,43641,75,-5,1,63.425209,,,0,0,.35273352
2,(37),m3,91,2,2016nov08 04:40:03.153,43641,75,-5,1,0,,,0,0,.18706587
2,(37),m3,91,1,2016nov08 04:40:03.153,43641,75,-5,1,90.020172,,,11.202346,.44633508,.46020061
2,(37),m3,91,2,2016nov08 05:07:01.683,43662,124,-5,1,0,,,0,0,.17794256
2,(37),m3,91,1,2016nov08 05:07:01.683,43662,124,-5,1,100.58315,,,10.562971,.47335166,.48652694
2,(37),m3,91,3,2016nov08 05:07:01.683,43662,124,-5,1,63.425209,,,0,0,.33553049
2,(37),m3,91,1,2016nov08 05:39:53.727,43704,83,-3,1,106.65462,,,6.0714712,.49411419,.50170237
2,(37),m3,91,2,2016nov08 05:39:53.727,43704,83,-3,1,0,,,0,0,.17268357
2,(37),m3,91,3,2016nov08 05:39:53.727,43704,83,-3,1,63.425209,,,0,0,.32561409
2,(37),m3,91,3,2016nov08 07:17:56.633,43810,73,-2,1,63.425209,,,0,0,.31916651
2,(37),m3,91,2,2016nov08 07:17:56.633,43810,73,-2,1,0,,,0,0,.1692642
2,(37),m3,91,1,2016nov08 07:17:56.633,43810,73,-2,1,110.60222,,,3.9476027,.50663662,.51156932
2,(37),m3,91,2,2016nov08 08:10:56.023,43834,136,-10,1,0,,,0,0,.15315659
2,(37),m3,91,1,2016nov08 08:10:56.023,43834,136,-10,1,129.29871,,,18.696484,.53485996,.55804968
2,(37),m3,91,3,2016nov08 08:10:56.023,43834,136,-10,1,63.425209,,,0,0,.2887938
2,(37),m3,91,2,2016nov08 12:18:54.787,43883,108,-30,1,0,,,0,0,.11346118
2,(37),m3,91,3,2016nov08 12:18:54.787,43883,108,-30,1,142.78999,,,79.364784,.37800139,.47312552
2,(37),m3,91,1,2016nov08 12:18:54.787,43883,108,-30,1,129.29871,,,0,0,.41341332
2,(37),m3,91,2,2016nov08 12:30:36.973,43893,158,-5,1,0,,,0,0,.10792762
2,(37),m3,91,1,2016nov08 12:30:36.973,43893,158,-5,1,140.98976,,,11.691057,.42767733,.44202146
2,(37),m3,91,3,2016nov08 12:30:36.973,43893,158,-5,1,142.78999,,,0,0,.45005095
2,(37),m3,91,3,2016nov08 13:15:04.293,43899,142,-10,1,142.78999,,,0,0,.40722296
2,(37),m3,91,2,2016nov08 13:15:04.293,43899,142,-10,1,68.029388,,,68.029388,.14699529,.19281954
2,(37),m3,91,1,2016nov08 13:15:04.293,43899,142,-10,1,140.98976,,,0,0,.39995754
2,(37),m3,91,2,2016nov08 14:18:41.957,43911,132,-5,1,91.607872,,,23.578485,.21205772,.2321862
2,(37),m3,91,3,2016nov08 14:18:41.957,43911,132,-5,1,142.78999,,,0,0,.38736245
2,(37),m3,91,1,2016nov08 14:18:41.957,43911,132,-5,1,140.98976,,,0,0,.38045141
2,(37),m3,91,3,2016nov08 15:12:45.167,43948,150,-5,1,142.78999,,,0,0,.36847055
2,(37),m3,91,2,2016nov08 15:12:45.167,43948,150,-5,1,91.607872,,,0,0,.22086234
2,(37),m3,91,1,2016nov08 15:12:45.167,43948,150,-5,1,153.63222,,,12.642456,.39549276,.41066712
2,(37),m3,91,1,2016nov08 15:12:59.580,43949,150,-5,1,153.63222,,,0,0,.39063865
2,(37),m3,91,3,2016nov08 15:12:59.580,43949,150,-5,1,142.78999,,,0,0,.35050002
2,(37),m3,91,2,2016nov08 15:12:59.580,43949,150,-5,1,112.48317,,,20.875294,.23951758,.25886133
2,(37),m3,91,2,2016nov08 16:59:08.640,43973,69,-2,1,119.99755,,,7.5143809,.26615632,.27353683
2,(37),m3,91,1,2016nov08 16:59:08.640,43973,69,-2,1,153.63222,,,0,0,.38290346
2,(37),m3,91,3,2016nov08 16:59:08.640,43973,69,-2,1,142.78999,,,0,0,.34355965
2,(37),m3,91,1,2016nov08 17:02:53.123,43979,69,-2,1,158.77359,,,5.1413708,.38900131,.39512283
2,(37),m3,91,3,2016nov08 17:02:53.123,43979,69,-2,1,142.78999,,,0,0,.33675671
2,(37),m3,91,2,2016nov08 17:02:53.123,43979,69,-2,1,119.99755,,,0,0,.26812044
2,(37),m3,91,2,2016nov08 20:15:39.993,44050,156,-5,1,119.99755,,,0,0,.25504404
2,(37),m3,91,1,2016nov08 20:15:39.993,44050,156,-5,1,170.97411,,,12.200514,.4098188,.42462307
2,(37),m3,91,3,2016nov08 20:15:39.993,44050,156,-5,1,142.78999,,,0,0,.32033288
2,(37),m3,91,3,2016nov08 20:56:40.067,44075,67,-3,-1,142.78999,,,0,0,.3300885
2,(37),m3,91,1,2016nov08 20:56:40.067,44075,67,-3,-1,163.75986,,,-7.2142458,-.41584387,.4071002
2,(37),m3,91,2,2016nov08 20:56:40.067,44075,67,-3,-1,119.99755,,,0,0,.2628113
2,(37),m3,91,2,2016nov09 04:10:26.977,44154,73,-1,-1,119.99755,,,0,0,.26545259
2,(37),m3,91,1,2016nov09 04:10:26.977,44154,73,-1,-1,161.28534,,,-2.4745193,-.4041189,.40114146
2,(37),m3,91,3,2016nov09 04:10:26.977,44154,73,-1,-1,142.78999,,,0,0,.33340591
2,(37),m3,91,3,2016nov09 04:14:46.000,44160,94,-10,1,142.78999,,,0,0,.30167815
2,(37),m3,91,1,2016nov09 04:14:46.000,44160,94,-10,1,184.56931,,,23.28397,.42948002,.45813042
2,(37),m3,91,2,2016nov09 04:14:46.000,44160,94,-10,1,119.99755,,,0,0,.24019144
2,(37),m3,91,1,2016nov09 04:59:11.603,44215,93,-3,1,184.56931,,,0,0,.44459063
2,(37),m3,91,3,2016nov09 04:59:11.603,44215,93,-3,1,152.40736,,,9.6173773,.31193537,.32231665
2,(37),m3,91,2,2016nov09 04:59:11.603,44215,93,-3,1,119.99755,,,0,0,.23309271
2,(37),m3,91,2,2016nov09 09:09:55.603,44251,151,-20,1,119.99755,,,0,0,.1908402
2,(37),m3,91,3,2016nov09 09:09:55.603,44251,151,-20,1,152.40736,,,0,0,.26389056
2,(37),m3,91,1,2016nov09 09:09:55.603,44251,151,-20,1,224.98189,,,40.412582,.49489537,.54526925
2,(37),m3,91,1,2016nov09 09:10:15.523,44252,151,-20,1,224.98189,,,0,0,.44642869
2,(37),m3,91,2,2016nov09 09:10:15.523,44252,151,-20,1,197.0152,,,77.017647,.25968075,.33751598
2,(37),m3,91,3,2016nov09 09:10:15.523,44252,151,-20,1,152.40736,,,0,0,.21605532
2,(37),m3,91,1,2016nov09 18:15:40.703,44270,93,-1,-1,224.98189,,,0,0,.45091537
2,(37),m3,91,2,2016nov09 18:15:40.703,44270,93,-1,-1,197.0152,,,0,0,.34090808
2,(37),m3,91,3,2016nov09 18:15:40.703,44270,93,-1,-1,147.69257,,,-4.714797,-.21209821,.20817654
2,(37),m3,91,3,2016nov09 18:15:51.373,44271,93,-2,1,156.95409,,,9.2615156,.21594737,.22385572
2,(37),m3,91,1,2016nov09 18:15:51.373,44271,93,-2,1,224.98189,,,0,0,.44198665
2,(37),m3,91,2,2016nov09 18:15:51.373,44271,93,-2,1,197.0152,,,0,0,.33415765
2,(37),m3,91,1,2016nov09 22:54:27.303,44304,80,-10,1,224.98189,,,0,0,.3999261
2,(37),m3,91,2,2016nov09 22:54:27.303,44304,80,-10,1,224.37866,,,27.363472,.36545071,.3975209
2,(37),m3,91,3,2016nov09 22:54:27.303,44304,80,-10,1,156.95409,,,0,0,.20255305
2,(37),m3,91,3,2016nov10 21:01:42.930,44365,89,-7,1,187.55328,,,30.599199,.22876416,.25646541
2,(37),m3,91,2,2016nov10 21:01:42.930,44365,89,-7,1,224.37866,,,0,0,.370646
2,(37),m3,91,1,2016nov10 21:01:42.930,44365,89,-7,1,224.98189,,,0,0,.37288859
2,(37),m3,91,1,2016nov10 21:26:40.670,44376,74,-10,1,224.98189,,,0,0,.33740351
2,(37),m3,91,3,2016nov10 21:26:40.670,44376,74,-10,1,221.91782,,,34.364532,.29099771,.32722205
2,(37),m3,91,2,2016nov10 21:26:40.670,44376,74,-10,1,224.37866,,,0,0,.33537436
2,(37),m3,91,1,2016nov10 22:21:49.413,44401,96,-4,1,224.98189,,,0,0,.32417375
2,(37),m3,91,2,2016nov10 22:21:49.413,44401,96,-4,1,235.86206,,,11.483406,.34832871,.36143476
2,(37),m3,91,3,2016nov10 22:21:49.413,44401,96,-4,1,221.91782,,,0,0,.31439152
2,(37),m3,91,3,2016nov10 23:36:25.133,44426,136,-5,1,221.91782,,,0,0,.29905847
2,(37),m3,91,2,2016nov10 23:36:25.133,44426,136,-5,1,235.86206,,,0,0,.34380737
2,(37),m3,91,1,2016nov10 23:36:25.133,44426,136,-5,1,239.66507,,,14.683189,.34052548,.35713422
2,(37),m3,91,2,2016nov11 04:35:01.747,44489,145,-10,1,262.55136,,,26.689308,.37468186,.40625229
2,(37),m3,91,3,2016nov11 04:35:01.747,44489,145,-10,1,221.91782,,,0,0,.27059928
2,(37),m3,91,1,2016nov11 04:35:01.747,44489,145,-10,1,239.66507,,,0,0,.3231484
2,(37),m3,91,2,2016nov11 05:37:22.237,44513,93,-2,1,262.55136,,,0,0,.39820799
2,(37),m3,91,1,2016nov11 05:37:22.237,44513,93,-2,1,239.66507,,,0,0,.31674963
2,(37),m3,91,3,2016nov11 05:37:22.237,44513,93,-2,1,229.11771,,,7.1998844,.27778223,.28504241
2,(37),m3,91,3,2016nov11 18:45:59.223,44554,89,-5,-1,210.3522,,,-18.765499,-.26644641,.24838574
2,(37),m3,91,2,2016nov11 18:45:59.223,44554,89,-5,-1,262.55136,,,0,0,.41862455
2,(37),m3,91,1,2016nov11 18:45:59.223,44554,89,-5,-1,239.66507,,,0,0,.33298975
2,(37),m3,91,1,2016nov11 22:42:52.197,44569,111,-3,1,239.66507,,,0,0,.3231484
2,(37),m3,91,2,2016nov11 22:42:52.197,44569,111,-3,1,262.55136,,,0,0,.40625229
2,(37),m3,91,3,2016nov11 22:42:52.197,44569,111,-3,1,221.91782,,,11.56562,.25938946,.27059928
2,(37),m3,91,3,2016nov12 03:52:01.077,44596,90,-5,1,239.2688,,,17.350988,.28816801,.30617255
2,(37),m3,91,1,2016nov12 03:52:01.077,44596,90,-5,1,239.66507,,,0,0,.30738825
2,(37),m3,91,2,2016nov12 03:52:01.077,44596,90,-5,1,262.55136,,,0,0,.38643914
2,(37),m3,91,1,2016nov12 04:01:24.843,44628,90,-3,1,239.66507,,,0,0,.2983036
2,(37),m3,91,3,2016nov12 04:01:24.843,44628,90,-3,1,248.75148,,,9.4826851,.31636608,.32667822
2,(37),m3,91,2,2016nov12 04:01:24.843,44628,90,-3,1,262.55136,,,0,0,.37501818
2,(37),m3,91,1,2016nov14 12:51:07.043,44677,151,-5,-1,239.66507,,,0,0,.31359792
2,(37),m3,91,3,2016nov14 12:51:07.043,44677,151,-5,-1,248.75148,,,0,0,.34342736
2,(37),m3,91,2,2016nov14 12:51:07.043,44677,151,-5,-1,248.61958,,,-13.931783,-.35889161,.34297469
2,(37),m3,91,1,2016nov14 12:51:23.440,44678,151,-5,1,254.80774,,,15.142672,.33019271,.34707409
2,(37),m3,91,2,2016nov14 12:51:23.440,44678,151,-5,1,248.61958,,,0,0,.32624763
2,(37),m3,91,3,2016nov14 12:51:23.440,44678,151,-5,1,248.75148,,,0,0,.32667822
2,(37),m3,91,1,2016nov14 17:35:28.973,44693,93,-3,-1,254.80774,,,0,0,.35764408
2,(37),m3,91,3,2016nov14 17:35:28.973,44693,93,-3,-1,239.26878,,,-9.4826918,-.31636587,.30617252
2,(37),m3,91,2,2016nov14 17:35:28.973,44693,93,-3,-1,248.61958,,,0,0,.33618337
2,(37),m3,91,2,2016nov14 22:09:10.347,44717,142,-18,-1,181.28517,,,-67.334412,-.26732245,.20526722
2,(37),m3,91,3,2016nov14 22:09:10.347,44717,142,-18,-1,239.26878,,,0,0,.36655506
2,(37),m3,91,1,2016nov14 22:09:10.347,44717,142,-18,-1,254.80774,,,0,0,.42817771
2,(37),m3,91,1,2016nov14 22:09:34.997,44718,142,-10,1,254.80774,,,0,0,.38743117
2,(37),m3,91,3,2016nov14 22:09:34.997,44718,142,-10,1,264.49374,,,25.22496,.39643273,.42683539
2,(37),m3,91,2,2016nov14 22:09:34.997,44718,142,-10,1,181.28517,,,0,0,.18573345
2,(37),m3,91,2,2016nov15 05:02:18.240,44762,114,-5,1,181.28517,,,0,0,.17667513
2,(37),m3,91,3,2016nov15 05:02:18.240,44762,114,-5,1,264.49374,,,0,0,.40601838
2,(37),m3,91,1,2016nov15 05:02:18.240,44762,114,-5,1,267.23602,,,12.428277,.40230837,.41730654
2,(37),m3,91,3,2016nov15 13:47:06.290,44795,105,-10,1,287.52789,,,23.034157,.43413788,.46254316
2,(37),m3,91,1,2016nov15 13:47:06.290,44795,105,-10,1,267.23602,,,0,0,.37759459
2,(37),m3,91,2,2016nov15 13:47:06.290,44795,105,-10,1,181.28517,,,0,0,.15986226
2,(37),m3,91,2,2016nov15 14:21:21.637,44799,88,-15,-1,181.28517,,,0,0,.18573345
2,(37),m3,91,1,2016nov15 14:21:21.637,44799,88,-15,-1,267.23602,,,0,0,.43870232
2,(37),m3,91,3,2016nov15 14:21:21.637,44799,88,-15,-1,251.69687,,,-35.831032,-.41863155,.37556428
2,(37),m3,91,2,2016nov15 16:20:49.433,44807,108,-23.030001,-1,181.28517,,,0,0,.23383427
2,(37),m3,91,1,2016nov15 16:20:49.433,44807,108,-23.030001,-1,267.23602,,,0,0,.55231643
2,(37),m3,91,3,2016nov15 16:20:49.433,44807,108,-23.030001,-1,172.35107,,,-79.345787,-.29024857,.21384932
2,(37),m3,91,2,2016nov15 17:01:13.157,44811,89,-2.4200001,-1,181.28517,,,0,0,.23956208
2,(37),m3,91,1,2016nov15 17:01:13.157,44811,89,-2.4200001,-1,267.23602,,,0,0,.56584549
2,(37),m3,91,3,2016nov15 17:01:13.157,44811,89,-2.4200001,-1,160.49463,,,-11.856446,-.20410839,.1945924
2,(37),m3,91,1,2016nov15 17:03:03.747,44812,89,-2.4200001,1,271.47391,,,4.237874,.57104105,.57622594
2,(37),m3,91,2,2016nov15 17:03:03.747,44812,89,-2.4200001,1,181.28517,,,0,0,.23383424
2,(37),m3,91,3,2016nov15 17:03:03.747,44812,89,-2.4200001,1,160.49463,,,0,0,.18993978
2,(37),m3,91,3,2016nov15 17:04:51.480,44814,89,-2,1,160.49463,,,0,0,.18617873
2,(37),m3,91,2,2016nov15 17:04:51.480,44814,89,-2,1,181.28517,,,0,0,.22920401
2,(37),m3,91,1,2016nov15 17:04:51.480,44814,89,-2,1,274.91965,,,3.4457486,.58042538,.58461726
2,(37),m3,91,1,2016nov15 19:10:34.953,44837,151,-5,-1,266.20871,,,-8.7109289,-.5739916,.5633201
2,(37),m3,91,3,2016nov15 19:10:34.953,44837,151,-5,-1,160.49463,,,0,0,.19572431
2,(37),m3,91,2,2016nov15 19:10:34.953,44837,151,-5,-1,181.28517,,,0,0,.24095555
2,(37),m3,91,2,2016nov15 22:49:30.367,44854,95,-10,1,217.50435,,,36.219173,.27609685,.31318825
2,(37),m3,91,3,2016nov15 22:49:30.367,44854,95,-10,1,160.49463,,,0,0,.17709868
2,(37),m3,91,1,2016nov15 22:49:30.367,44854,95,-10,1,266.20871,,,0,0,.50971311
2,(37),m3,91,1,2016nov16 01:02:52.717,44886,161,-10,1,266.20871,,,0,0,.46120751
2,(37),m3,91,2,2016nov16 01:02:52.717,44886,161,-10,1,217.50435,,,0,0,.28338444
2,(37),m3,91,3,2016nov16 01:02:52.717,44886,161,-10,1,207.11018,,,46.615555,.21452066,.25540814
2,(37),m3,91,1,2016nov16 01:30:48.547,44895,139,-10,1,286.75015,,,20.541443,.48682073,.51248032
2,(37),m3,91,2,2016nov16 01:30:48.547,44895,139,-10,1,217.50435,,,0,0,.25641686
2,(37),m3,91,3,2016nov16 01:30:48.547,44895,139,-10,1,207.11018,,,0,0,.23110282
2,(37),m3,91,1,2016nov17 02:24:42.877,44926,150,-2,-1,286.75015,,,0,0,.52283317
2,(37),m3,91,2,2016nov17 02:24:42.877,44926,150,-2,-1,209.46756,,,-8.036787,-.24885567,.24139544
2,(37),m3,91,3,2016nov17 02:24:42.877,44926,150,-2,-1,207.11018,,,0,0,.23577142
2,(37),m3,91,2,2016nov17 04:04:11.640,44942,127,-5,1,228.72729,,,19.259741,.25960889,.27839303
2,(37),m3,91,1,2016nov17 04:04:11.640,44942,127,-5,1,286.75015,,,0,0,.4973343
2,(37),m3,91,3,2016nov17 04:04:11.640,44942,127,-5,1,207.11018,,,0,0,.22427273
2,(37),m3,91,3,2016nov17 10:21:22.223,44959,150,-3.4100001,-1,207.11018,,,0,0,.23205231
2,(37),m3,91,1,2016nov17 10:21:22.223,44959,150,-3.4100001,-1,286.75015,,,0,0,.51458585
2,(37),m3,91,2,2016nov17 10:21:22.223,44959,150,-3.4100001,-1,215.89578,,,-12.831514,-.26575196,.25336185
2,(37),m3,91,2,2016nov17 10:28:17.807,44965,150,-3,-1,215.89578,,,0,0,.26107785
2,(37),m3,91,1,2016nov17 10:28:17.807,44965,150,-3,-1,280.83527,,,-5.9148855,-.50719494,.49980277
2,(37),m3,91,3,2016nov17 10:28:17.807,44965,150,-3,-1,207.11018,,,0,0,.23911935
2,(37),m3,91,1,2016nov17 16:15:35.413,44985,93,-2,1,280.83527,,,0,0,.48990607
2,(37),m3,91,3,2016nov17 16:15:35.413,44985,93,-2,1,215.22044,,,8.1102629,.24660113,.2541858
2,(37),m3,91,2,2016nov17 16:15:35.413,44985,93,-2,1,215.89578,,,0,0,.25590816
2,(37),m3,91,2,2016nov17 21:51:13.300,45003,159,-10,1,215.89578,,,0,0,.2315553
2,(37),m3,91,3,2016nov17 21:51:13.300,45003,159,-10,1,215.22044,,,0,0,.22999682
2,(37),m3,91,1,2016nov17 21:51:13.300,45003,159,-10,1,300.28299,,,19.44772,.51419908,.53844792
2,(37),m3,91,1,2016nov18 11:17:40.887,45031,150,-.25,1,300.28299,,,0,0,.53710347
2,(37),m3,91,3,2016nov18 11:17:40.887,45031,150,-.25,1,216.3029,,,1.0824534,.23095684,.23191939
2,(37),m3,91,2,2016nov18 11:17:40.887,45031,150,-.25,1,215.89578,,,0,0,.23097712
2,(37),m3,91,3,2016nov18 23:48:19.943,45132,71,-20,1,283.32422,,,67.021317,.29841253,.37114882
2,(37),m3,91,1,2016nov18 23:48:19.943,45132,71,-20,1,300.28299,,,0,0,.4397431
2,(37),m3,91,2,2016nov18 23:48:19.943,45132,71,-20,1,215.89578,,,0,0,.18910807
2,(37),m3,91,2,2016nov19 00:43:36.953,45155,81,-25,1,307.60168,,,91.705894,.2726106,.36847681
2,(37),m3,91,1,2016nov19 00:43:36.953,45155,81,-25,1,300.28299,,,0,0,.34247226
2,(37),m3,91,3,2016nov19 00:43:36.953,45155,81,-25,1,283.32422,,,0,0,.28905097
2,(37),m3,91,2,2016nov19 00:43:52.523,45156,81,-10,1,332.7103,,,25.108612,.39826971,.42857414
2,(37),m3,91,1,2016nov19 00:43:52.523,45156,81,-10,1,300.28299,,,0,0,.30988172
2,(37),m3,91,3,2016nov19 00:43:52.523,45156,81,-10,1,283.32422,,,0,0,.26154414
2,(37),m3,91,2,2016nov19 14:10:12.357,45194,117,-30,1,332.7103,,,0,0,.3174955
2,(37),m3,91,3,2016nov19 14:10:12.357,45194,117,-30,1,283.32422,,,0,0,.19375663
2,(37),m3,91,1,2016nov19 14:10:12.357,45194,117,-30,1,375.8486,,,75.565605,.39700601,.48874786
2,(37),m3,91,2,2016nov20 09:26:34.527,45206,76,-1,1,332.7103,,,0,0,.31433633
2,(37),m3,91,3,2016nov20 09:26:34.527,45206,76,-1,1,288.3812,,,5.0569634,.19774713,.20177892
2,(37),m3,91,1,2016nov20 09:26:34.527,45206,76,-1,1,375.8486,,,0,0,.48388472
2,(37),m3,91,1,2016nov20 09:26:39.957,45207,76,-1,1,375.8486,,,0,0,.47906998
2,(37),m3,91,2,2016nov20 09:26:39.957,45207,76,-1,1,335.85751,,,3.1472161,.31774113,.32115883
2,(37),m3,91,3,2016nov20 09:26:39.957,45207,76,-1,1,288.3812,,,0,0,.19977118
2,(37),m3,91,2,2016nov20 09:26:46.070,45208,76,-4,1,335.85751,,,0,0,.30856597
2,(37),m3,91,1,2016nov20 09:26:46.070,45208,76,-4,1,384.0239,,,8.1752834,.48927966,.49949601
2,(37),m3,91,3,2016nov20 09:26:46.070,45208,76,-4,1,288.3812,,,0,0,.19193801
2,(37),m3,91,2,2016nov21 05:23:27.273,45238,159,-2,-1,335.85751,,,0,0,.31479943
2,(37),m3,91,1,2016nov21 05:23:27.273,45238,159,-2,-1,379.97891,,,-4.0449805,-.49443996,.48938513
2,(37),m3,91,3,2016nov21 05:23:27.273,45238,159,-2,-1,288.3812,,,0,0,.19581543
2,(37),m3,91,2,2016nov21 20:30:00.507,45263,154,-3,1,335.85751,,,0,0,.30549571
2,(37),m3,91,1,2016nov21 20:30:00.507,45263,154,-3,1,386.01599,,,6.0370688,.49692988,.50447613
2,(37),m3,91,3,2016nov21 20:30:00.507,45263,154,-3,1,288.3812,,,0,0,.19002822
2,(37),m3,91,1,2016nov21 20:30:09.617,45264,154,-1,1,386.01599,,,0,0,.49945644
2,(37),m3,91,2,2016nov21 20:30:09.617,45264,154,-1,1,339.09436,,,3.2368395,.30894333,.31240612
2,(37),m3,91,3,2016nov21 20:30:09.617,45264,154,-1,1,288.3812,,,0,0,.18813738
2,(37),m3,91,2,2016nov21 20:30:24.623,45265,154,-1,1,339.09436,,,0,0,.30929765
2,(37),m3,91,3,2016nov21 20:30:24.623,45265,154,-1,1,293.58533,,,5.2041397,.19215472,.19621554
2,(37),m3,91,1,2016nov21 20:30:24.623,45265,154,-1,1,386.01599,,,0,0,.49448678
3,(38),m2,65,1,2016nov08 03:06:02.005,52435,741,10,1,19.090282,19.090282,,19.090282,.52382672,.54758132
3,(38),m2,65,1,2016nov08 03:09:51.341,52469,838,4,-1,10.453638,19.090282,-8.6366444,-8.6366444,-.46314284,.52611035
3,(38),m2,65,1,2016nov08 03:16:57.658,52505,838,-4,1,19.090282,19.090282,,8.6366453,.46314278,.54758132
3,(38),m2,65,1,2016nov08 03:54:25.852,52573,741,-5,-1,9.7618599,9.7620001,,-9.3284225,-.53599632,.52438527
3,(38),m2,65,1,2016nov08 04:06:47.210,52585,741,-5,-1,0,0,,-9.7618599,-.51219749,.5
3,(38),m2,65,1,2016nov08 05:12:49.610,52632,748,6,1,11.660286,11.660286,,11.660286,.51456714,.5291177
3,(38),m2,65,1,2016nov08 06:27:48.292,52655,725,12,1,33.248909,33.248909,,21.588625,.5558483,.58236492
3,(38),m2,65,1,2016nov08 10:02:50.901,52690,836,10,-1,10.78867,33.248909,-22.460239,-22.460239,-.44523123,.52694553
3,(38),m2,65,1,2016nov08 17:11:51.416,52798,839,8,1,25.462971,47.92321,-22.460239,14.6743,.54517078,.56331569
3,(38),m2,65,1,2016nov08 19:36:36.950,52846,839,4,1,32.457306,54.917545,-22.460239,6.9943347,.57189143,.58043832
3,(38),m2,65,1,2016nov08 20:37:57.380,52862,817,10,-1,10.089481,54.917545,-44.828064,-22.367825,-.44707075,.52520233
3,(38),m2,65,1,2016nov08 20:48:13.097,52874,766,5,1,19.404049,64.232109,-44.828064,9.3145666,.53679365,.5483585
3,(38),m2,65,1,2016nov08 22:03:38.906,52927,745,10,1,36.949875,81.777939,-44.828064,17.545828,.56993604,.59133786
3,(38),m2,65,1,2016nov08 23:00:10.003,52932,761,2,1,40.309029,85.137093,-44.828064,3.359154,.595388,.59942991
3,(38),m2,65,1,2016nov08 23:30:04.939,52956,761,7.9999995,-1,18.401205,81.777939,-63.377064,-21.907824,-.45645794,.54587364
3,(38),m2,65,1,2016nov09 00:08:09.091,52973,814,10,1,36.020264,99.396996,-63.377064,17.619057,.56756729,.58908951
3,(38),m2,65,1,2016nov09 01:00:44.665,52994,743,9,1,50.850552,114.22729,-63.377064,14.830289,.60686612,.62445605
3,(38),m2,65,1,2016nov09 02:32:45.745,53006,845,3,-1,43.053162,114.22729,-71.174454,-7.7973914,-.38474405,.6060006
3,(38),m2,65,1,2016nov09 05:55:58.861,53027,754,100,1,177.48172,248.65584,-71.174454,134.42856,.74388957,.85505569
3,(38),m2,65,1,2016nov09 10:25:08.977,53074,776,10,-1,122.9245,248.65584,-125.73167,-54.557217,-.1832938,.77368641
3,(38),m2,65,1,2016nov10 00:22:55.280,53108,749,10,-1,84.758545,248.65584,-163.89763,-38.165951,-.26201364,.70006037
3,(38),m2,65,1,2016nov10 01:55:33.186,53117,839,10,1,98.754845,262.65213,-163.89763,13.996297,.71447468,.72860342
3,(38),m2,65,1,2016nov10 01:56:36.428,53118,839,1,1,100.12479,264.02209,-163.89763,1.3699497,.72995383,.73130387
3,(38),m2,65,1,2016nov10 02:50:02.072,53121,743,-5,-1,93.223015,257.12079,-163.89763,-6.9017816,-.72445065,.71752751
3,(38),m2,65,1,2016nov10 11:47:43.843,53135,776,-12,1,144.35904,257.12079,-112.76141,51.136017,.23466825,.80901003
3,(38),m2,65,1,2016nov10 18:48:30.551,53147,736,5,-1,120.57954,257.12079,-136.54091,-23.779501,-.21026513,.76955414
3,(38),m2,65,1,2016nov10 20:41:28.719,53153,776,.77999997,-1,117.23802,257.12079,-139.88243,-3.3415177,-.23342685,.76357496
3,(38),m2,65,1,2016nov10 20:41:50.996,53154,776,-1.5599999,1,124.00927,257.12079,-133.1199,6.7712464,.23038593,.77558017
3,(38),m2,65,1,2016nov10 20:56:53.097,53166,810,3,-1,111.28406,257.12079,-145.84512,-12.725213,-.23575243,.75265831
3,(38),m2,65,1,2016nov10 21:54:40.775,53189,819,20,1,137.07031,282.90707,-145.84512,25.786261,.77560681,.79749376
3,(38),m2,65,1,2016nov10 21:59:24.351,53198,819,-20,-1,111.28404,257.12079,-145.84512,-25.786268,-.77560663,.75265825
3,(38),m2,65,1,2016nov10 22:12:11.501,53230,727,3,1,115.25059,261.08734,-145.84512,3.9665442,.7563259,.75996834
3,(38),m2,65,1,2016nov10 22:29:23.489,53275,766,3,1,119.17972,265.01648,-145.84512,3.929131,.76352763,.76706231
3,(38),m2,65,1,2016nov10 22:59:46.234,53291,734,10,1,132.02859,277.86536,-145.84512,12.848877,.77827811,.78922927
3,(38),m2,65,1,2016nov10 23:19:15.282,53314,724,3,-1,118.53257,277.86536,-159.34114,-13.496028,-.22228763,.76590401
3,(38),m2,65,1,2016nov10 23:27:30.083,53339,741,3,-1,106.30247,277.86536,-171.57124,-12.230097,-.24529651,.74326813
3,(38),m2,65,1,2016nov11 04:11:46.530,53404,799,4,-1,91.549942,277.86536,-186.32378,-14.752533,-.27113989,.7141242
3,(38),m2,65,1,2016nov11 04:21:33.200,53438,763,10,1,105.28869,291.6041,-186.32378,13.73875,.72786826,.7413289
3,(38),m2,65,1,2016nov11 10:37:12.642,53511,776,5,-1,87.205841,291.6041,-204.40663,-18.082848,-.27650511,.70517385
3,(38),m2,65,1,2016nov11 17:38:03.909,53560,820,1,1,88.620979,293.01926,-204.40663,1.4151417,.70664304,.70810741
3,(38),m2,65,1,2016nov11 21:42:29.766,53591,735,10,1,102.46874,306.867,-204.40663,13.84776,.72213846,.73588467
3,(38),m2,65,1,2016nov14 00:52:47.146,53628,760,10,1,115.82718,320.22543,-204.40663,13.358434,.74859077,.76101857
3,(38),m2,65,1,2016nov14 03:09:20.781,53642,730,15,1,135.10838,339.50665,-204.40663,19.2812,.77795988,.79430676
3,(38),m2,65,1,2016nov15 00:36:33.549,53684,726,8,1,145.0798,349.47806,-204.40663,9.9714184,.80229306,.81012124
3,(38),m2,65,1,2016nov15 16:36:27.506,53801,786,15,1,163.29242,367.69067,-204.40663,18.21261,.82360518,.83656985
3,(38),m2,65,1,2016nov15 23:34:31.399,53871,843,10,1,175.13443,379.53268,-204.40663,11.842003,.84445173,.85212231
3,(38),m2,65,1,2016nov16 00:01:57.589,53883,842,3,-1,156.40816,379.53268,-223.13289,-18.726267,-.16020279,.82693827
3,(38),m2,65,1,2016nov16 00:20:56.077,53934,840,10,1,168.38014,391.50467,-223.13289,11.97199,.83528304,.84340727
3,(38),m2,65,1,2016nov16 00:36:16.414,53961,840,-4,-1,163.61954,386.74368,-223.13289,-4.7606068,-.84022903,.83701658
3,(38),m2,65,1,2016nov16 00:54:55.044,53990,840,-2,-1,161.2254,384.34967,-223.13289,-2.3941302,-.83537644,.83372408
3,(38),m2,65,1,2016nov16 03:03:01.382,54004,829,20,1,184.77678,407.90103,-223.13289,23.551374,.84920734,.86386478
3,(38),m2,65,1,2016nov16 04:35:40.317,54016,740,5,-1,152.81374,407.90103,-255.09593,-31.963043,-.15643066,.82173359
3,(38),m2,65,1,2016nov16 23:02:44.533,54046,743,3.04,1,156.50121,411.5885,-255.09593,3.6874683,.82441384,.82707137
3,(38),m2,65,1,2016nov17 07:20:35.161,54087,796,20,1,180.22122,435.30853,-255.09593,23.720022,.84316951,.85841799
3,(38),m2,65,1,2016nov17 08:00:33.193,54092,765,11,1,192.92468,448.01199,-255.09593,12.703456,.86590612,.87316602
3,(38),m2,65,1,2016nov17 08:05:57.095,54096,765,-5,-1,187.17714,442.26453,-255.09593,-5.7475429,-.86993694,.8666631
3,(38),m2,65,1,2016nov17 08:08:40.303,54098,765,10,1,198.6306,453.71802,-255.09593,11.453465,.87309819,.87935179
3,(38),m2,65,1,2016nov18 23:40:05.796,54194,734,17.84,1,218.68761,473.77499,-255.09593,20.057001,.88946497,.89906478
3,(38),m2,65,1,2016nov18 23:44:18.095,54204,734,-9,-1,208.62471,463.71213,-255.09593,-10.062896,-.89437479,.88955927
3,(38),m2,65,1,2016nov19 00:23:06.800,54213,750,5,-1,170.49103,463.71213,-293.22961,-38.133682,-.13111769,.84617496
3,(38),m2,65,1,2016nov19 02:22:37.980,54237,827,5,-1,141.72473,463.71213,-321.99591,-28.766298,-.17381451,.80490649
3,(38),m2,65,1,2016nov19 02:51:26.085,54249,828,20,1,166.02455,488.01196,-321.99591,24.299826,.82305115,.84027094
3,(38),m2,65,1,2016nov20 03:08:10.317,54327,789,6,1,173.12549,495.11288,-321.99591,7.1009312,.84495962,.8495729
3,(38),m2,65,1,2016nov21 03:52:43.272,54360,848,15,1,190.5619,512.54932,-321.99591,17.436417,.86026847,.87052619
3,(38),m2,65,1,2016nov21 13:02:37.763,54406,754,-30,-1,155.21817,477.20575,-321.99591,-35.343742,-.84880656,.82522863
3,(38),m2,65,1,2016nov21 16:00:32.992,54414,776,1.99,-1,144.33241,477.20575,-332.88168,-10.885755,-.18280773,.8089689
3,(38),m2,65,1,2016nov21 22:56:01.310,54494,816,6,-1,116.28941,477.20575,-360.92465,-28.042997,-.21395716,.76185822
3,(38),m2,65,1,2016nov21 23:08:28.207,54512,840,-1,-1,114.97477,475.89075,-360.92465,-1.3146433,-.76066262,.75946486
3,(38),m2,65,1,2016nov22 00:57:38.569,54547,808,12,1,130.49355,491.40952,-360.92465,15.51878,.77325666,.78666443
3,(38),m2,65,1,2016nov22 02:08:16.199,54565,753,5,-1,108.95573,491.40952,-382.46246,-21.537809,-.23214988,.74829835
3,(38),m3,92,1,2016nov08 03:04:18.453,43573,93,-5,1,79.076576,,,9.761857,.51219761,.52438527
3,(38),m3,92,3,2016nov08 03:04:18.453,43573,93,-5,1,0,,,0,0,.23780736
3,(38),m3,92,2,2016nov08 03:04:18.453,43573,93,-5,1,0,,,0,0,.23780736
3,(38),m3,92,2,2016nov08 04:40:14.650,43642,75,-5,1,0,,,0,0,.22620934
3,(38),m3,92,3,2016nov08 04:40:14.650,43642,75,-5,1,0,,,0,0,.22620934
3,(38),m3,92,1,2016nov08 04:40:14.650,43642,75,-5,1,88.404999,,,9.3284197,.5359965,.54758126
3,(38),m3,92,2,2016nov08 06:18:19.703,43733,157,-10,1,0,,,0,0,.20468269
3,(38),m3,92,3,2016nov08 06:18:19.703,43733,157,-10,1,0,,,0,0,.20468269
3,(38),m3,92,1,2016nov08 06:18:19.703,43733,157,-10,1,105.97367,,,17.56867,.56919503,.59063464
3,(38),m3,92,1,2016nov08 07:00:48.607,43757,73,-1,1,107.66095,,,1.6872785,.59267038,.59470791
3,(38),m3,92,3,2016nov08 07:00:48.607,43757,73,-1,1,0,,,0,0,.20264606
3,(38),m3,92,2,2016nov08 07:00:48.607,43757,73,-1,1,0,,,0,0,.20264606
3,(38),m3,92,3,2016nov08 07:11:31.033,43788,73,-5,1,0,,,0,0,.1927629
3,(38),m3,92,1,2016nov08 07:11:31.033,43788,73,-5,1,115.9306,,,8.2696562,.60462004,.61447424
3,(38),m3,92,2,2016nov08 07:11:31.033,43788,73,-5,1,0,,,0,0,.1927629
3,(38),m3,92,3,2016nov08 07:11:38.113,43789,73,-5,1,0,,,0,0,.18336174
3,(38),m3,92,2,2016nov08 07:11:38.113,43789,73,-5,1,0,,,0,0,.18336174
3,(38),m3,92,1,2016nov08 07:11:38.113,43789,73,-5,1,123.94463,,,8.0140238,.62390631,.63327652
3,(38),m3,92,2,2016nov08 07:15:07.933,43799,89,-10,1,0,,,0,0,.16591257
3,(38),m3,92,1,2016nov08 07:15:07.933,43799,89,-10,1,139.3089,,,15.364279,.65086037,.66817486
3,(38),m3,92,3,2016nov08 07:15:07.933,43799,89,-10,1,0,,,0,0,.16591257
3,(38),m3,92,3,2016nov08 07:15:39.383,43800,106,-5,1,0,,,0,0,.15782093
3,(38),m3,92,2,2016nov08 07:15:39.383,43800,106,-5,1,26.928244,,,26.928244,.18567865,.2065915
3,(38),m3,92,1,2016nov08 07:15:39.383,43800,106,-5,1,139.3089,,,0,0,.63558757
